stock,endDate,netIncomeApplicableToCommonShares,netIncomeFromContinuingOps,totalOtherIncomeExpenseNet,costOfRevenue,totalOperatingExpenses,totalRevenue,incomeTaxExpense,interestExpense,operatingIncome,ebit,grossProfit,sellingGeneralAdministrative,netIncome,incomeBeforeTax,researchDevelopment,otherOperatingExpenses,minorityInterest,discontinuedOperations
AAPL,2019-09-28,55256000000,55256000000,1807000000,161782000000,196244000000,260174000000,10481000000,3576000000,63930000000,63930000000,98392000000,18245000000,55256000000,65737000000,16217000000,,,
AAPL,2018-09-29,59531000000,59531000000,2005000000,163756000000,194697000000,265595000000,13372000000,3240000000,70898000000,70898000000,101839000000,16705000000,59531000000,72903000000,14236000000,,,
AAPL,2017-09-30,48351000000,48351000000,2745000000,141048000000,167890000000,229234000000,15738000000,2323000000,61344000000,61344000000,88186000000,15261000000,48351000000,64089000000,11581000000,,,
AAPL,2016-09-24,45687000000,45687000000,1348000000,131376000000,155615000000,215639000000,15685000000,1456000000,60024000000,60024000000,84263000000,14194000000,45687000000,61372000000,10045000000,,,
AAPL,2020-03-28,11249000000,11249000000,282000000,35943000000,45460000000,58313000000,1886000000,757000000,12853000000,12853000000,22370000000,4952000000,11249000000,13135000000,4565000000,,,
AAPL,2019-12-28,22236000000,22236000000,349000000,56602000000,66250000000,91819000000,3682000000,785000000,25569000000,25569000000,35217000000,5197000000,22236000000,25918000000,4451000000,,,
AAPL,2019-09-28,13686000000,13686000000,502000000,39727000000,48415000000,64040000000,2441000000,810000000,15625000000,15625000000,24313000000,4578000000,13686000000,16127000000,4110000000,,,
AAPL,2019-06-29,10044000000,10044000000,367000000,33582000000,42265000000,53809000000,1867000000,866000000,11544000000,11544000000,20227000000,4426000000,10044000000,11911000000,4257000000,,,
MSFT,2019-06-30,39240000000,39240000000,729000000,42910000000,82884000000,125843000000,4448000000,2686000000,42959000000,42959000000,82933000000,23098000000,39240000000,43688000000,16876000000,,,
MSFT,2018-06-30,16571000000,16571000000,1416000000,38353000000,75302000000,110360000000,19903000000,2733000000,35058000000,35058000000,72007000000,22223000000,16571000000,36474000000,14726000000,,,
MSFT,2017-06-30,25489000000,25489000000,570000000,34261000000,67240000000,96571000000,4412000000,2222000000,29331000000,29331000000,62310000000,19942000000,25489000000,29901000000,13037000000,,,
MSFT,2016-06-30,20539000000,20539000000,1549000000,32780000000,63966000000,91154000000,5100000000,1243000000,27188000000,27188000000,58374000000,19198000000,20539000000,25639000000,11988000000,,,
MSFT,2020-03-31,10752000000,10752000000,132000000,10975000000,22046000000,35021000000,2091000000,615000000,12975000000,12975000000,24046000000,6184000000,10752000000,12843000000,4887000000,,,
MSFT,2019-12-31,11649000000,11649000000,194000000,12358000000,23015000000,36906000000,2436000000,655000000,13891000000,13891000000,24548000000,6054000000,11649000000,14085000000,4603000000,,,
MSFT,2019-09-30,10678000000,10678000000,0,10406000000,20369000000,33055000000,2008000000,637000000,12686000000,12686000000,22649000000,5398000000,10678000000,12686000000,4565000000,,,
MSFT,2019-06-30,13187000000,13187000000,191000000,10412000000,21312000000,33717000000,591000000,669000000,12405000000,12405000000,23305000000,6387000000,13187000000,12596000000,4513000000,,,
AMZN,2019-12-31,11588000000,11588000000,442000000,165536000000,266118000000,280522000000,2374000000,1600000000,14404000000,14404000000,114986000000,64313000000,11588000000,13962000000,35931000000,338000000,,
AMZN,2018-12-31,10073000000,10073000000,1151000000,139156000000,220466000000,232887000000,1197000000,1417000000,12421000000,12421000000,93731000000,52177000000,10073000000,11270000000,28837000000,296000000,,
AMZN,2017-12-31,3033000000,3033000000,304000000,111934000000,173760000000,177866000000,769000000,848000000,4106000000,4106000000,65932000000,38992000000,3033000000,3802000000,22620000000,214000000,,
AMZN,2016-12-31,2371000000,2371000000,390000000,88265000000,131801000000,135987000000,1425000000,484000000,4186000000,4186000000,47722000000,27284000000,2371000000,3796000000,16085000000,167000000,,
AMZN,2020-03-31,2535000000,2535000000,741000000,44257000000,71463000000,75452000000,744000000,402000000,3989000000,3989000000,31195000000,17811000000,2535000000,3279000000,9325000000,,70000000,
AMZN,2019-12-31,3268000000,3268000000,175000000,53977000000,83557000000,87436000000,786000000,455000000,3879000000,3879000000,33459000000,19775000000,3268000000,4054000000,9740000000,,65000000,
AMZN,2019-09-30,2134000000,2134000000,392000000,41302000000,66961000000,69981000000,494000000,396000000,3020000000,3020000000,28679000000,16267000000,2134000000,2628000000,9200000000,,192000000,
AMZN,2019-06-30,2625000000,2625000000,202000000,36337000000,60320000000,63404000000,257000000,383000000,3084000000,3084000000,27067000000,14832000000,2625000000,2882000000,9065000000,,86000000,
GOOGL,2019-12-31,34343000000,34343000000,3143000000,71896000000,125375000000,161857000000,5282000000,100000000,36482000000,36482000000,89961000000,27461000000,34343000000,39625000000,26018000000,,,
GOOGL,2018-12-31,30736000000,30736000000,2318000000,59549000000,104224000000,136819000000,4177000000,114000000,32595000000,32595000000,77270000000,23256000000,30736000000,34913000000,21419000000,,,
GOOGL,2017-12-31,12662000000,12662000000,1721000000,45583000000,81941000000,110855000000,14531000000,109000000,28914000000,28914000000,65272000000,19733000000,12662000000,27193000000,16625000000,,,
GOOGL,2016-12-31,19478000000,19478000000,434000000,35138000000,66556000000,90272000000,4672000000,124000000,23716000000,23716000000,55134000000,17470000000,19478000000,24150000000,13948000000,,,
GOOGL,2020-03-31,6836000000,6836000000,220000000,18982000000,33182000000,41159000000,921000000,21000000,7977000000,7977000000,22177000000,7380000000,6836000000,7757000000,6820000000,,,
GOOGL,2019-12-31,10671000000,10671000000,884000000,21020000000,36255000000,46075000000,33000000,17000000,9820000000,9820000000,25055000000,8013000000,10671000000,10704000000,7222000000,,,
GOOGL,2019-09-30,7068000000,7068000000,549000000,17568000000,31322000000,40499000000,1560000000,23000000,9177000000,9177000000,22931000000,7200000000,7068000000,8628000000,6554000000,,,
GOOGL,2019-06-30,9947000000,9947000000,2967000000,17296000000,29764000000,38944000000,2200000000,25000000,9180000000,9180000000,21648000000,6255000000,9947000000,12147000000,6213000000,,,
GOOG,2019-12-31,34343000000,34343000000,3143000000,71896000000,125375000000,161857000000,5282000000,100000000,36482000000,36482000000,89961000000,27461000000,34343000000,39625000000,26018000000,,,
GOOG,2018-12-31,30736000000,30736000000,2318000000,59549000000,104224000000,136819000000,4177000000,114000000,32595000000,32595000000,77270000000,23256000000,30736000000,34913000000,21419000000,,,
GOOG,2017-12-31,12662000000,12662000000,1721000000,45583000000,81941000000,110855000000,14531000000,109000000,28914000000,28914000000,65272000000,19733000000,12662000000,27193000000,16625000000,,,
GOOG,2016-12-31,19478000000,19478000000,434000000,35138000000,66556000000,90272000000,4672000000,124000000,23716000000,23716000000,55134000000,17470000000,19478000000,24150000000,13948000000,,,
GOOG,2020-03-31,6836000000,6836000000,220000000,18982000000,33182000000,41159000000,921000000,21000000,7977000000,7977000000,22177000000,7380000000,6836000000,7757000000,6820000000,,,
GOOG,2019-12-31,10671000000,10671000000,884000000,21020000000,36255000000,46075000000,33000000,17000000,9820000000,9820000000,25055000000,8013000000,10671000000,10704000000,7222000000,,,
GOOG,2019-09-30,7068000000,7068000000,549000000,17568000000,31322000000,40499000000,1560000000,23000000,9177000000,9177000000,22931000000,7200000000,7068000000,8628000000,6554000000,,,
GOOG,2019-06-30,9947000000,9947000000,2967000000,17296000000,29764000000,38944000000,2200000000,25000000,9180000000,9180000000,21648000000,6255000000,9947000000,12147000000,6213000000,,,
TSLA,2019-12-31,862000000,775000000,745000000,20509000000,24498000000,24578000000,110000000,725000000,80000000,80000000,4069000000,2646000000,862000000,665000000,1343000000,,1492000000,
TSLA,2018-12-31,976000000,1063000000,752000000,17419000000,21714000000,21461000000,58000000,653000000,253000000,253000000,4042000000,2835000000,976000000,1005000000,1460000000,,1390000000,
TSLA,2017-12-31,1962000000,2241000000,577000000,9536000000,13391000000,11759000000,32000000,477000000,1632000000,1632000000,2223000000,2477000000,1962000000,2209000000,1378000000,,1395080000,
TSLA,2016-12-31,674914000,773046000,100708000,5400875000,7645772000,7000132000,26698000,191815000,645640000,645640000,1599257000,1410489000,674914000,746348000,834408000,,1152214000,
TSLA,2020-03-31,16000000,68000000,213000000,4751000000,5702000000,5985000000,2000000,208000000,283000000,283000000,1234000000,627000000,16000000,70000000,324000000,1499000000,,
TSLA,2019-12-31,113000000,132000000,173000000,5993000000,7037000000,7384000000,42000000,159000000,347000000,347000000,1391000000,699000000,105000000,174000000,345000000,1492000000,,
TSLA,2019-09-30,143000000,150000000,85000000,5112000000,6042000000,6303000000,26000000,198000000,261000000,261000000,1191000000,596000000,143000000,176000000,334000000,1442000000,,
TSLA,2019-06-30,415865000,389355000,320588000,5428279000,6399176000,6349536000,19127000,191259000,49640000,49640000,921257000,647071000,407865000,370228000,323826000,1435068000,,
UNH,2019-12-31,13839000000,14239000000,1704000000,184557000000,222470000000,242155000000,3742000000,1704000000,19685000000,19685000000,57598000000,35193000000,13839000000,17981000000,,,4546000000,
UNH,2018-12-31,11986000000,12382000000,1400000000,172401000000,208903000000,226247000000,3562000000,1400000000,17344000000,17344000000,53846000000,34074000000,11986000000,15944000000,,,4531000000,
UNH,2017-12-31,10558000000,10823000000,1186000000,154148000000,185950000000,201159000000,3200000000,1186000000,15209000000,15209000000,47011000000,29557000000,10558000000,14023000000,,,4246000000,
UNH,2016-12-31,7017000000,7073000000,1067000000,141454000000,171910000000,184840000000,4790000000,1067000000,12930000000,12930000000,43386000000,28401000000,7017000000,11863000000,,,1915000000,
UNH,2020-03-31,3382000000,3465000000,437000000,48687000000,59425000000,64421000000,1094000000,437000000,4996000000,4996000000,15734000000,10015000000,3382000000,4559000000,,4627000000,,
UNH,2019-12-31,3541000000,3668000000,437000000,45787000000,55806000000,60901000000,990000000,437000000,5095000000,5095000000,15114000000,9301000000,3541000000,4658000000,,4546000000,,
UNH,2019-09-30,3538000000,3629000000,449000000,45668000000,55337000000,60351000000,936000000,449000000,5014000000,5014000000,14683000000,8960000000,3538000000,4565000000,,4751000000,,
UNH,2019-06-30,3293000000,3385000000,418000000,46782000000,55851000000,60595000000,941000000,418000000,4744000000,4744000000,13813000000,8415000000,3293000000,4326000000,,4953000000,,
JNJ,2019-12-29,15119000000,15119000000,3742000000,27456000000,60989000000,82059000000,2209000000,318000000,21070000000,21070000000,54603000000,22178000000,15119000000,17328000000,11355000000,,,
JNJ,2018-12-30,15297000000,15297000000,3176000000,27091000000,60406000000,81581000000,2702000000,1005000000,21175000000,21175000000,54490000000,22540000000,15297000000,17999000000,10775000000,,,
JNJ,2017-12-31,1300000000,1300000000,1224000000,25439000000,57553000000,76450000000,16373000000,934000000,18897000000,18897000000,51011000000,21520000000,1300000000,17673000000,10594000000,,,
JNJ,2017-01-01,16540000000,16540000000,1362000000,21789000000,50725000000,71890000000,3263000000,726000000,21165000000,21165000000,50101000000,19793000000,16540000000,19803000000,9143000000,,,
JNJ,2020-03-29,5796000000,5796000000,575000000,7047000000,14757000000,20691000000,713000000,25000000,5934000000,5934000000,13644000000,5130000000,5796000000,6509000000,2580000000,,,
JNJ,2019-12-29,4010000000,4010000000,129000000,7115000000,16658000000,20747000000,208000000,85000000,4089000000,4089000000,13632000000,6311000000,4010000000,4218000000,3232000000,,,
JNJ,2019-09-29,1753000000,1753000000,4356000000,6847000000,14726000000,20729000000,106000000,48000000,6003000000,6003000000,13882000000,5280000000,1753000000,1647000000,2599000000,,,
JNJ,2019-06-30,5607000000,5607000000,1511000000,6902000000,15032000000,20562000000,1434000000,83000000,5530000000,5530000000,13660000000,5464000000,5607000000,7041000000,2666000000,,,
XOM,2019-12-31,14340000000,14774000000,8425000000,178431000000,243952000000,255583000000,5282000000,830000000,11631000000,11631000000,77152000000,12168000000,14340000000,20056000000,,33186000000,7288000000,
XOM,2018-12-31,20840000000,21421000000,9414000000,190752000000,257793000000,279332000000,9532000000,766000000,21539000000,21539000000,88580000000,12300000000,20840000000,30953000000,,35230000000,6734000000,
XOM,2017-12-31,19710000000,19848000000,4600000000,159053000000,223088000000,237162000000,1174000000,601000000,14074000000,14074000000,78109000000,11893000000,19710000000,18674000000,,32459000000,6812000000,
XOM,2016-12-31,7840000000,8375000000,3433000000,132759000000,196092000000,200628000000,406000000,453000000,4536000000,4536000000,67869000000,11783000000,7840000000,7969000000,,31375000000,6505000000,
XOM,2020-03-31,610000000,770000000,213000000,40380000000,55605000000,55134000000,512000000,249000000,471000000,471000000,14754000000,2848000000,610000000,258000000,,6664000000,6832000000,
XOM,2019-12-31,5690000000,5730000000,3848000000,42058000000,60458000000,63024000000,684000000,201000000,2566000000,2566000000,20966000000,2790000000,5690000000,6414000000,,7288000000,10430000000,
XOM,2019-09-30,3170000000,3247000000,1395000000,44138000000,60096000000,63422000000,1474000000,232000000,3326000000,3326000000,19284000000,3110000000,3170000000,4721000000,,7194000000,7676000000,
XOM,2019-06-30,3130000000,3391000000,1384000000,48464000000,64243000000,67491000000,1241000000,216000000,3248000000,3248000000,19027000000,3140000000,3130000000,4632000000,,7088000000,7675000000,
FB,2019-12-31,18485000000,18485000000,826000000,12770000000,46711000000,70697000000,6327000000,20000000,23986000000,23986000000,57927000000,20341000000,18485000000,24812000000,13600000000,,,
FB,2018-12-31,22111000000,22112000000,448000000,9355000000,30925000000,55838000000,3249000000,9000000,24913000000,24913000000,46483000000,11297000000,22112000000,25361000000,10273000000,,,
FB,2017-12-31,15920000000,15934000000,391000000,5454000000,20450000000,40653000000,4660000000,6000000,20203000000,20203000000,35199000000,7242000000,15934000000,20594000000,7754000000,,,
FB,2016-12-31,10188000000,10217000000,91000000,3789000000,15211000000,27638000000,2301000000,10000000,12427000000,12427000000,23849000000,5503000000,10217000000,12518000000,5919000000,,,
FB,2020-03-31,4902000000,4902000000,32000000,3459000000,11844000000,17737000000,959000000,,5893000000,5893000000,14278000000,4370000000,4902000000,5861000000,4015000000,,,
FB,2019-12-31,7349000000,7349000000,311000000,3491000000,12224000000,21082000000,1820000000,,8858000000,8858000000,17591000000,4855000000,7349000000,9169000000,3878000000,,,
FB,2019-09-30,6091000000,6091000000,144000000,3155000000,10467000000,17652000000,1238000000,,7185000000,7185000000,14497000000,3764000000,6091000000,7329000000,3548000000,,,
FB,2019-06-30,2616000000,2616000000,206000000,3307000000,12260000000,16886000000,2216000000,,4626000000,4626000000,13579000000,5638000000,2616000000,4832000000,3315000000,,,
NVDA,2020-01-26,2796000000,2796000000,124000000,4150000000,8072000000,10918000000,174000000,52000000,2846000000,2846000000,6768000000,1093000000,2796000000,2970000000,2829000000,,,
NVDA,2019-01-27,4141000000,4141000000,92000000,4545000000,7912000000,11716000000,245000000,58000000,3804000000,3804000000,7171000000,991000000,4141000000,3896000000,2376000000,,,
NVDA,2018-01-28,3047000000,3047000000,14000000,3892000000,6504000000,9714000000,149000000,61000000,3210000000,3210000000,5822000000,815000000,3047000000,3196000000,1797000000,,,
NVDA,2017-01-29,1666000000,1666000000,32000000,2847000000,4973000000,6910000000,239000000,58000000,1937000000,1937000000,4063000000,663000000,1666000000,1905000000,1463000000,,,
NVDA,2020-04-26,917000000,917000000,5000000,1076000000,2104000000,3080000000,64000000,25000000,976000000,976000000,2004000000,293000000,917000000,981000000,735000000,,,
NVDA,2020-01-26,951000000,951000000,26000000,1090000000,2115000000,3105000000,65000000,13000000,990000000,990000000,2015000000,287000000,951000000,1016000000,738000000,,,
NVDA,2019-10-27,899000000,899000000,32000000,1098000000,2087000000,3014000000,60000000,13000000,927000000,927000000,1916000000,277000000,899000000,959000000,712000000,,,
NVDA,2019-07-28,552000000,552000000,35000000,1038000000,2008000000,2579000000,54000000,13000000,571000000,571000000,1541000000,266000000,552000000,606000000,704000000,,,
PG,2019-06-30,3634000000,3966000000,8237000000,34247000000,53378000000,67684000000,2103000000,509000000,14306000000,14306000000,33437000000,19131000000,3897000000,6069000000,,,385000000,
PG,2018-06-30,9485000000,9861000000,881000000,33613000000,52625000000,66832000000,3465000000,506000000,14207000000,14207000000,33219000000,19012000000,9750000000,13326000000,,,590000000,
PG,2017-06-30,15079000000,10194000000,509000000,32638000000,51292000000,65058000000,3063000000,465000000,13766000000,13766000000,32420000000,18654000000,15326000000,13257000000,,,594000000,
PG,2016-06-30,10253000000,10027000000,85000000,32909000000,51845000000,65299000000,3342000000,579000000,13454000000,13454000000,32390000000,18936000000,10508000000,13369000000,,,642000000,
PG,2020-03-31,2853000000,2957000000,174000000,8518000000,13542000000,17214000000,541000000,100000000,3672000000,3672000000,8696000000,5024000000,2917000000,3498000000,,401000000,,
PG,2019-12-31,3653000000,3743000000,50000000,8806000000,13658000000,18240000000,789000000,100000000,4582000000,4582000000,9434000000,4852000000,3717000000,4532000000,,370000000,,
PG,2019-09-30,3528000000,3617000000,36000000,8653000000,13491000000,17798000000,726000000,108000000,4307000000,4307000000,9145000000,4838000000,3593000000,4343000000,,406000000,,
PG,2019-06-30,5309000000,5237000000,8426000000,8708000000,13733000000,17094000000,172000000,111000000,3361000000,3361000000,8386000000,5025000000,5241000000,5065000000,,385000000,,
JPM,2019-12-31,34642000000,36431000000,239000000,0,65257000000,110041000000,8114000000,,44784000000,0,110041000000,60410000000,36431000000,44545000000,,4847000000,,
JPM,2018-12-31,30709000000,32474000000,72000000,0,63148000000,103984000000,8290000000,,40836000000,0,103984000000,57663000000,32474000000,40764000000,,5485000000,,
JPM,2017-12-31,22567000000,24441000000,680000000,0,59525000000,94745000000,11459000000,,35220000000,0,94745000000,53436000000,24441000000,35900000000,,6089000000,,
JPM,2016-12-31,22834000000,24733000000,317000000,0,56989000000,91208000000,9803000000,,34219000000,0,91208000000,51117000000,24733000000,34536000000,,5872000000,,
JPM,2020-03-31,2431000000,2865000000,197000000,0,16653000000,19966000000,251000000,,3313000000,0,19966000000,15426000000,2865000000,3116000000,,,1227000000,
JPM,2019-12-31,8091000000,8520000000,241000000,0,16097000000,26903000000,2045000000,,10806000000,0,26903000000,14876000000,8520000000,10565000000,,,1221000000,
JPM,2019-09-30,8606000000,9080000000,10000000,0,16412000000,27827000000,2325000000,,11415000000,0,27827000000,15188000000,9080000000,11405000000,,,1224000000,
JPM,2019-06-30,9192000000,9652000000,69000000,0,16272000000,27683000000,1690000000,,11411000000,0,27683000000,15059000000,9652000000,11342000000,,,1213000000,
V,2019-09-30,11650000000,12080000000,554000000,721000000,7539000000,22977000000,2804000000,533000000,15438000000,15438000000,22256000000,6162000000,12080000000,14884000000,,,,
V,2018-09-30,9942000000,10301000000,527000000,686000000,7005000000,20609000000,2505000000,612000000,13604000000,13604000000,19923000000,5706000000,10301000000,12806000000,,,,
V,2017-09-30,6467000000,6699000000,668000000,620000000,5996000000,18358000000,4995000000,563000000,12362000000,12362000000,17738000000,4820000000,6699000000,11694000000,,,,
V,2016-09-30,5929000000,5991000000,2012000000,538000000,5058000000,15082000000,2021000000,427000000,10024000000,10024000000,14544000000,4018000000,5991000000,8012000000,,,,
V,2020-03-31,2973000000,3084000000,103000000,183000000,1922000000,5854000000,745000000,118000000,3932000000,3932000000,5671000000,1547000000,3084000000,3829000000,,,,
V,2019-12-31,3154000000,3272000000,42000000,181000000,2038000000,6054000000,702000000,111000000,4016000000,4016000000,5873000000,1675000000,3272000000,3974000000,,,,
V,2019-09-30,2916000000,3025000000,400000000,193000000,2026000000,6137000000,686000000,162000000,4111000000,4111000000,5944000000,1661000000,3025000000,3711000000,,,,
V,2019-06-30,2991000000,3101000000,52000000,184000000,1922000000,5840000000,765000000,128000000,3918000000,3918000000,5656000000,1573000000,3101000000,3866000000,,,,
PFE,2019-12-31,16272000000,16298000000,2640000000,10011000000,36708000000,51750000000,1384000000,1574000000,15042000000,15042000000,41739000000,14103000000,16273000000,17682000000,7984000000,,303000000,4000000
PFE,2018-12-31,11152000000,11179000000,3839000000,11128000000,37923000000,53647000000,706000000,1316000000,15724000000,15724000000,42519000000,13943000000,11153000000,11885000000,7959000000,,351000000,10000000
PFE,2017-12-31,21307000000,21353000000,2407000000,10826000000,37835000000,52546000000,9049000000,1270000000,14711000000,14711000000,41720000000,14606000000,21308000000,12304000000,7645000000,,348000000,2000000
PFE,2016-12-31,7214000000,7230000000,5745000000,11918000000,38726000000,52824000000,1123000000,1186000000,14098000000,14098000000,40906000000,14894000000,7215000000,8353000000,7858000000,,296000000,16000000
PFE,2020-03-29,3401000000,3410000000,506000000,2346000000,7637000000,12028000000,475000000,390000000,4391000000,4391000000,9682000000,2677000000,3401000000,3885000000,1729000000,312000000,,
PFE,2019-12-31,336000000,326000000,3795000000,2596000000,10401000000,12688000000,1182000000,416000000,2287000000,2287000000,10092000000,4244000000,336000000,1508000000,2529000000,303000000,,
PFE,2019-09-29,7680000000,7680000000,6831000000,2455000000,8784000000,12680000000,3047000000,409000000,3896000000,3896000000,10225000000,3177000000,7680000000,10727000000,1940000000,293000000,,
PFE,2019-06-30,5046000000,5056000000,157000000,2550000000,8966000000,13264000000,915000000,389000000,4298000000,4298000000,10714000000,3408000000,5046000000,4141000000,1824000000,357000000,,
HD,2020-02-02,11242000000,11242000000,1128000000,72653000000,94382000000,110225000000,3473000000,1201000000,15843000000,15843000000,37572000000,19740000000,11242000000,14715000000,,,,
HD,2019-02-03,11121000000,11121000000,1221000000,71043000000,92426000000,108203000000,3435000000,1051000000,15777000000,15777000000,37160000000,19513000000,11121000000,14556000000,,,,
HD,2018-01-28,8630000000,8630000000,983000000,66548000000,86223000000,100904000000,5068000000,1057000000,14681000000,14681000000,34356000000,17864000000,8630000000,13698000000,,,,
HD,2017-01-29,7957000000,7957000000,936000000,62282000000,81168000000,94595000000,4534000000,972000000,13427000000,13427000000,32313000000,17132000000,7957000000,12491000000,,,,
HD,2020-05-03,2245000000,2245000000,307000000,18635000000,24984000000,28260000000,724000000,324000000,3276000000,3276000000,9625000000,5829000000,2245000000,2969000000,,,,
HD,2020-02-02,2481000000,2481000000,292000000,17046000000,22379000000,25782000000,630000000,309000000,3403000000,3403000000,8736000000,4814000000,2481000000,3111000000,,,,
HD,2019-11-03,2769000000,2769000000,280000000,17836000000,23276000000,27223000000,898000000,302000000,3947000000,3947000000,9387000000,4942000000,2769000000,3667000000,,,,
HD,2019-08-04,3479000000,3479000000,283000000,20407000000,25943000000,30839000000,1134000000,302000000,4896000000,4896000000,10432000000,5044000000,3479000000,4613000000,,,,
CVX,2019-12-31,2924000000,2845000000,4942000000,80113000000,129387000000,139865000000,2691000000,798000000,10478000000,10478000000,59752000000,25945000000,2924000000,5536000000,,4138000000,995000000,
CVX,2018-12-31,14824000000,14860000000,5951000000,94578000000,144278000000,158902000000,5715000000,748000000,14624000000,14624000000,64324000000,24942000000,14824000000,20575000000,,4864000000,1088000000,
CVX,2017-12-31,9195000000,9269000000,5722000000,68576000000,123986000000,127485000000,48000000,307000000,3499000000,3499000000,58909000000,23885000000,9195000000,9221000000,,12333000000,1195000000,
CVX,2016-12-31,497000000,431000000,870000000,52416000000,106340000000,103310000000,1729000000,201000000,3030000000,3030000000,50894000000,24952000000,497000000,2160000000,,11668000000,1166000000,
CVX,2020-03-31,3599000000,3581000000,1634000000,15509000000,27194000000,29705000000,564000000,162000000,2511000000,2511000000,14196000000,6072000000,3599000000,4145000000,,984000000,1167000000,
CVX,2019-12-31,6610000000,6667000000,9200000000,19693000000,33779000000,34574000000,1738000000,178000000,795000000,795000000,14881000000,7214000000,6610000000,8405000000,,995000000,968000000,
CVX,2019-09-30,2580000000,2580000000,1140000000,19882000000,31870000000,34779000000,1469000000,197000000,2909000000,2909000000,14897000000,6400000000,2580000000,4049000000,,1051000000,1059000000,
CVX,2019-06-30,4305000000,4290000000,2332000000,20835000000,32720000000,36323000000,1645000000,198000000,3603000000,3603000000,15488000000,6360000000,4305000000,5935000000,,1056000000,1050000000,
MA,2019-12-31,8118000000,8118000000,64000000,0,7216000000,16883000000,1613000000,224000000,9667000000,9667000000,16883000000,6694000000,8118000000,9731000000,,,98000000,
MA,2018-12-31,5859000000,5859000000,1214000000,0,6532000000,14950000000,1345000000,186000000,8418000000,8418000000,14950000000,6073000000,5859000000,7204000000,,,94000000,
MA,2017-12-31,3915000000,3915000000,287000000,0,5688000000,12497000000,2607000000,154000000,6809000000,6809000000,12497000000,5252000000,3915000000,6522000000,,,100000000,
MA,2016-12-31,4059000000,4059000000,231000000,0,4899000000,10776000000,1587000000,95000000,5877000000,5877000000,10776000000,4526000000,4059000000,5646000000,,,28000000,
MA,2020-03-31,1693000000,1693000000,230000000,0,1792000000,4009000000,294000000,69000000,2217000000,2217000000,4009000000,1648000000,1693000000,1987000000,,100000000,,
MA,2019-12-31,2100000000,2100000000,73000000,0,2012000000,4414000000,375000000,64000000,2402000000,2402000000,4414000000,1866000000,2100000000,2475000000,,98000000,,
MA,2019-09-30,2108000000,2108000000,121000000,0,1812000000,4467000000,426000000,63000000,2655000000,2655000000,4467000000,1675000000,2108000000,2534000000,,100000000,,
MA,2019-06-30,2048000000,2048000000,122000000,0,1716000000,4113000000,471000000,51000000,2397000000,2397000000,4113000000,1594000000,2048000000,2519000000,,101000000,,
ABBV,2019-12-31,7842000000,7882000000,5271000000,7439000000,19569000000,33266000000,544000000,1421000000,13697000000,13697000000,25827000000,6763000000,7882000000,8426000000,5377000000,10000000,,
ABBV,2018-12-31,5657000000,5687000000,7076000000,7718000000,20480000000,32753000000,490000000,1348000000,12273000000,12273000000,25035000000,7003000000,5687000000,5197000000,5259000000,500000000,,
ABBV,2017-12-31,5283000000,5309000000,2546000000,6688000000,17943000000,28216000000,2418000000,1150000000,10273000000,10273000000,21528000000,6248000000,5309000000,7727000000,5007000000,500000000,,
ABBV,2016-12-31,5923000000,5953000000,1739000000,5793000000,16015000000,25638000000,1931000000,1047000000,9623000000,9623000000,19845000000,5837000000,5953000000,7884000000,4385000000,500000000,,
ABBV,2020-03-31,2996000000,3010000000,526000000,1942000000,4995000000,8619000000,88000000,563000000,3624000000,3624000000,6677000000,1674000000,3010000000,3098000000,1379000000,,,
ABBV,2019-12-31,2788000000,2801000000,4000000,2006000000,5626000000,8704000000,273000000,335000000,3078000000,3078000000,6698000000,2088000000,2801000000,3074000000,1542000000,,,
ABBV,2019-09-30,1874000000,1884000000,1714000000,1920000000,4764000000,8479000000,117000000,348000000,3715000000,3715000000,6559000000,1589000000,1884000000,2001000000,1255000000,,,
ABBV,2019-06-30,733000000,741000000,2741000000,1819000000,4707000000,8255000000,66000000,358000000,3548000000,3548000000,6436000000,1597000000,741000000,807000000,1291000000,,,
LLY,2019-12-31,8318400000,4637900000,733500000,4721200000,16320100000,22319500000,628000000,400600000,5999400000,5999400000,17598300000,6003900000,8318400000,5265900000,5595000000,,92200000,3680500000
LLY,2018-12-31,3232000000,3150600000,2345700000,4681700000,15467500000,21493300000,529500000,242500000,6025800000,6025800000,16811600000,5734600000,3232000000,3680100000,5051200000,,1080400000,81400000
LLY,2017-12-31,204100000,86400000,2391700000,4447700000,15277300000,19973800000,2391200000,225000000,4696500000,4696500000,15526100000,5733400000,204100000,2304800000,5096200000,,75700000,117700000
LLY,2016-12-31,2737600000,2737600000,497300000,5710100000,17350800000,21222100000,636400000,185200000,3871300000,3871300000,15512000000,6330400000,2737600000,3374000000,5310300000,,72800000,117700000
LLY,2020-03-31,1456500000,1456500000,67700000,1215100000,4112200000,5859800000,223400000,92500000,1747600000,1747600000,4644700000,1505000000,1456500000,1679900000,1392100000,118400000,,
LLY,2019-12-31,1495700000,1495700000,59200000,1282600000,4510100000,6114000000,167400000,95900000,1603900000,1603900000,4831400000,1646100000,1495700000,1663100000,1581400000,92200000,,
LLY,2019-09-30,1253900000,1253900000,154800000,1175000000,3916000000,5476600000,151900000,107400000,1560600000,1560600000,4301600000,1360100000,1253900000,1405800000,1380900000,79800000,,
LLY,2019-06-30,1327200000,1327200000,107200000,1124900000,4063600000,5636700000,138700000,110900000,1573100000,1573100000,4511800000,1536500000,1327200000,1465900000,1402200000,76800000,,
KO,2019-12-31,8920000000,8985000000,161000000,14619000000,26641000000,37266000000,1801000000,946000000,10625000000,10625000000,22647000000,12011000000,8920000000,10786000000,,11000000,2117000000,
KO,2018-12-31,6434000000,6476000000,1978000000,13067000000,24097000000,34300000000,1749000000,950000000,10203000000,10203000000,21233000000,11013000000,6434000000,8225000000,,17000000,2077000000,
KO,2017-12-31,1248000000,1283000000,2450000000,13721000000,26872000000,36212000000,5607000000,853000000,9340000000,9340000000,22491000000,12901000000,1248000000,6890000000,,250000000,1905000000,
KO,2016-12-31,6527000000,6550000000,1587000000,16465000000,32140000000,41863000000,1586000000,733000000,9723000000,9723000000,25398000000,15401000000,6527000000,8136000000,,274000000,158000000,
KO,2020-03-27,2775000000,2795000000,385000000,3371000000,5976000000,8601000000,215000000,193000000,2625000000,2625000000,5230000000,2605000000,2775000000,3010000000,,1676000000,,
KO,2019-12-31,2042000000,2065000000,125000000,3566000000,6773000000,9068000000,355000000,235000000,2295000000,2295000000,5502000000,3207000000,2042000000,2420000000,,2117000000,,
KO,2019-09-27,2593000000,2589000000,445000000,3767000000,6860000000,9507000000,503000000,230000000,2647000000,2647000000,5740000000,3092000000,2593000000,3092000000,,1970000000,,
KO,2019-06-28,2607000000,2628000000,49000000,3921000000,6899000000,9997000000,421000000,236000000,3098000000,3098000000,6076000000,2970000000,2607000000,3049000000,,2114000000,,
MRK,2019-12-31,9843000000,9777000000,3615000000,13156000000,31761000000,46840000000,1687000000,893000000,15079000000,15079000000,33684000000,9863000000,9843000000,11464000000,8742000000,,94000000,
MRK,2018-12-31,6220000000,6193000000,1242000000,13488000000,32351000000,42294000000,2508000000,772000000,9943000000,9943000000,28806000000,9555000000,6220000000,8701000000,9308000000,,181000000,
MRK,2017-12-31,2394000000,2418000000,1480000000,12716000000,32121000000,40122000000,4103000000,754000000,8001000000,8001000000,27406000000,9560000000,2394000000,6521000000,9845000000,,233000000,
MRK,2016-12-31,3920000000,3941000000,5412000000,13502000000,29736000000,39807000000,718000000,693000000,10071000000,10071000000,26305000000,9313000000,3920000000,4659000000,6921000000,,220000000,
MRK,2020-03-31,3219000000,3219000000,362000000,3244000000,7857000000,12057000000,619000000,212000000,4200000000,4200000000,8813000000,2454000000,3219000000,3838000000,2159000000,95000000,,
MRK,2019-12-31,2356000000,2363000000,401000000,3567000000,8676000000,11868000000,428000000,219000000,3192000000,3192000000,8301000000,2741000000,2356000000,2791000000,2368000000,94000000,,
MRK,2019-09-30,1901000000,1907000000,2096000000,3316000000,7954000000,12397000000,440000000,231000000,4443000000,4443000000,9081000000,2417000000,1901000000,2347000000,2221000000,87000000,,
MRK,2019-06-30,2670000000,2644000000,721000000,3267000000,7780000000,11760000000,615000000,233000000,3980000000,3980000000,8493000000,2327000000,2670000000,3259000000,2186000000,102000000,,
PEP,2019-12-28,7314000000,7353000000,1413000000,29983000000,56436000000,67161000000,1959000000,1135000000,10725000000,10725000000,37178000000,25741000000,7314000000,9312000000,711000000,1000000,82000000,
PEP,2018-12-29,12513000000,12559000000,1356000000,29378000000,54116000000,64661000000,3370000000,1525000000,10545000000,10545000000,35283000000,24061000000,12515000000,9189000000,680000000,3000000,84000000,
PEP,2017-12-30,4853000000,4908000000,963000000,28796000000,52960000000,63525000000,4694000000,1151000000,10565000000,10565000000,34729000000,23428000000,4857000000,9602000000,737000000,1000000,92000000,
PEP,2016-12-31,6323000000,6379000000,1676000000,28222000000,52570000000,62799000000,2174000000,1342000000,10229000000,10229000000,34577000000,23584000000,6329000000,8553000000,760000000,4000000,104000000,
PEP,2020-03-21,1338000000,1351000000,342000000,6125000000,11828000000,13881000000,360000000,290000000,2053000000,2053000000,7756000000,5537000000,1338000000,1711000000,,94000000,166000000,
PEP,2019-12-28,1766000000,1778000000,434000000,9331000000,17998000000,20640000000,430000000,345000000,2642000000,2642000000,11309000000,7956000000,1766000000,2208000000,,82000000,166000000,
PEP,2019-09-07,2100000000,2110000000,329000000,7684000000,14190000000,17188000000,559000000,262000000,2998000000,2998000000,9504000000,6505000000,2100000000,2669000000,,95000000,1000000,
PEP,2019-06-15,2035000000,2043000000,431000000,7302000000,13451000000,16449000000,524000000,261000000,2998000000,2998000000,9147000000,6149000000,2035000000,2567000000,,85000000,1000000,
BAC,2019-12-31,25998000000,27430000000,681000000,0,52147000000,85582000000,5324000000,,33435000000,0,85582000000,46742000000,27430000000,32754000000,,5405000000,,
BAC,2018-12-31,26696000000,28147000000,1198000000,0,52685000000,88467000000,6437000000,,35782000000,0,88467000000,46188000000,28147000000,34584000000,,6497000000,,
BAC,2017-12-31,16618000000,18232000000,0,0,54517000000,83730000000,10981000000,,29213000000,0,83730000000,46359000000,18232000000,29213000000,,8158000000,,
BAC,2016-12-31,16140000000,17822000000,0,0,55083000000,80104000000,7199000000,,25021000000,0,80104000000,45287000000,17822000000,25021000000,,9796000000,,
BAC,2020-03-31,3541000000,4010000000,0,0,13475000000,18006000000,521000000,,4531000000,0,18006000000,12065000000,4010000000,4531000000,,,1410000000,
BAC,2019-12-31,6748000000,6994000000,681000000,0,12558000000,21408000000,1175000000,,8850000000,0,21408000000,11785000000,6994000000,8169000000,,,773000000,
BAC,2019-09-30,5272000000,5777000000,0,0,13097000000,19956000000,1082000000,,6859000000,0,19956000000,11431000000,5777000000,6859000000,,,1666000000,
BAC,2019-06-30,7109000000,7348000000,0,0,13268000000,22227000000,1611000000,,8959000000,0,22227000000,11706000000,7348000000,8959000000,,,1562000000,
COST,2019-09-01,3659000000,3704000000,28000000,132886000000,147966000000,152703000000,1061000000,150000000,4737000000,4737000000,19817000000,14994000000,3659000000,4765000000,,,341000000,
COST,2018-09-02,3134000000,3179000000,38000000,123152000000,137096000000,141576000000,1263000000,159000000,4480000000,4480000000,18424000000,13876000000,3134000000,4442000000,,,304000000,
COST,2017-09-03,2679000000,2714000000,72000000,111882000000,124914000000,129025000000,1325000000,134000000,4111000000,4111000000,17143000000,12950000000,2679000000,4039000000,,,301000000,
COST,2016-08-28,2350000000,2376000000,53000000,102901000000,115047000000,118719000000,1243000000,133000000,3672000000,3672000000,15818000000,12068000000,2350000000,3619000000,,,253000000,
COST,2020-05-10,838000000,852000000,299000000,32205000000,35804000000,37266000000,311000000,37000000,1462000000,1462000000,5061000000,3591000000,838000000,1163000000,,401000000,,
COST,2020-02-16,931000000,947000000,11000000,34056000000,37806000000,39072000000,330000000,34000000,1266000000,1266000000,5016000000,3743000000,931000000,1277000000,,385000000,,
COST,2019-11-24,844000000,856000000,3000000,32233000000,35979000000,37040000000,202000000,38000000,1061000000,1061000000,4807000000,3732000000,844000000,1058000000,,363000000,,
COST,2019-09-01,1097000000,1110000000,29000000,41310000000,46035000000,47498000000,382000000,45000000,1463000000,1463000000,6188000000,4684000000,1097000000,1492000000,,341000000,,
VZ,2019-12-31,19265000000,19788000000,8788000000,54726000000,100347000000,131868000000,2945000000,4730000000,31521000000,31521000000,77142000000,28939000000,19265000000,22733000000,,,1440000000,
VZ,2018-12-31,15528000000,16039000000,11368000000,55205000000,99872000000,130863000000,3584000000,4833000000,30991000000,30991000000,75658000000,27287000000,15528000000,19623000000,,,1565000000,
VZ,2017-12-31,30101000000,30550000000,8079000000,53063000000,97361000000,126034000000,9956000000,4733000000,28673000000,28673000000,72971000000,27344000000,30101000000,20594000000,,,1591000000,
VZ,2016-12-31,13127000000,13608000000,8854000000,52701000000,96140000000,125980000000,7378000000,4376000000,29840000000,29840000000,73279000000,27511000000,13127000000,20986000000,,,1508000000,
VZ,2020-03-31,4156000000,4287000000,2199000000,12296000000,23735000000,31610000000,1389000000,1034000000,7875000000,7875000000,19314000000,7289000000,4156000000,5676000000,,1443000000,,
VZ,2019-12-31,5095000000,5217000000,3513000000,15631000000,27550000000,34775000000,1505000000,1159000000,7225000000,7225000000,19144000000,7814000000,5095000000,3712000000,,1440000000,,
VZ,2019-09-30,5194000000,5337000000,1445000000,13384000000,24526000000,32894000000,1586000000,1146000000,8368000000,8368000000,19510000000,7028000000,5194000000,6923000000,,1391000000,,
VZ,2019-06-30,3944000000,4074000000,2725000000,12721000000,24036000000,32071000000,1236000000,1215000000,8035000000,8035000000,19350000000,7083000000,3944000000,5310000000,,1365000000,,
TMO,2019-12-31,3696000000,3696000000,191000000,14198000000,21281000000,25542000000,374000000,676000000,4261000000,4261000000,11344000000,6080000000,3696000000,4070000000,1003000000,,,
TMO,2018-12-31,2938000000,2938000000,617000000,13489000000,20479000000,24358000000,324000000,667000000,3879000000,3879000000,10869000000,6023000000,2938000000,3262000000,967000000,,,
TMO,2017-12-31,2225000000,2228000000,792000000,11382000000,17697000000,20918000000,201000000,592000000,3221000000,3221000000,9536000000,5428000000,2225000000,2429000000,887000000,,,
TMO,2016-12-31,2022000000,2025000000,781000000,9825000000,15469000000,18274000000,1000000,469000000,2805000000,2805000000,8449000000,4883000000,2022000000,2024000000,754000000,,,
TMO,2020-03-28,788000000,788000000,124000000,3488000000,5278000000,6230000000,40000000,133000000,952000000,952000000,2742000000,1545000000,788000000,828000000,245000000,,,
TMO,2019-12-31,1002000000,1002000000,236000000,3794000000,5555000000,6829000000,36000000,176000000,1274000000,1274000000,3035000000,1499000000,1002000000,1038000000,262000000,,,
TMO,2019-09-28,760000000,760000000,167000000,3504000000,5283000000,6272000000,62000000,153000000,989000000,989000000,2768000000,1532000000,760000000,822000000,247000000,,,
TMO,2019-06-29,1119000000,1119000000,343000000,3488000000,5266000000,6316000000,274000000,170000000,1050000000,1050000000,2828000000,1532000000,1119000000,1393000000,246000000,,,
AVGO,2019-11-03,2695000000,2736000000,2105000000,6723000000,18266000000,22597000000,510000000,1444000000,4331000000,4331000000,15874000000,1635000000,2724000000,2226000000,4696000000,,,12000000
AVGO,2018-11-04,12259000000,12629000000,942000000,7021000000,15361000000,20848000000,8084000000,628000000,5487000000,5487000000,13827000000,1027000000,12259000000,4545000000,3768000000,,,19000000
AVGO,2017-10-29,1692000000,1790000000,864000000,6593000000,14947000000,17636000000,35000000,454000000,2689000000,2689000000,11043000000,777000000,1692000000,1825000000,3302000000,,,6000000
AVGO,2016-10-30,1739000000,1749000000,2978000000,5295000000,11369000000,13240000000,642000000,585000000,1871000000,1871000000,7945000000,764000000,1739000000,1107000000,2674000000,,,112000000
AVGO,2020-05-03,488000000,568000000,552000000,1587000000,4781000000,5742000000,159000000,487000000,961000000,961000000,4155000000,377000000,563000000,409000000,1264000000,,,5000000
AVGO,2020-02-02,311000000,380000000,579000000,1636000000,4975000000,5858000000,76000000,406000000,883000000,883000000,4222000000,497000000,385000000,304000000,1289000000,,,5000000
AVGO,2019-11-03,818000000,847000000,355000000,1788000000,4674000000,5776000000,100000000,361000000,1102000000,1102000000,3988000000,408000000,847000000,747000000,1177000000,,,5000000
AVGO,2019-08-04,715000000,715000000,372000000,1651000000,4599000000,5515000000,171000000,362000000,916000000,916000000,3864000000,410000000,715000000,544000000,1235000000,,,5000000
ABT,2019-12-31,3666000000,3687000000,818000000,13196000000,27009000000,31904000000,390000000,670000000,4895000000,4895000000,18708000000,9469000000,3687000000,4077000000,2408000000,,213000000,
ABT,2018-12-31,2353000000,2334000000,1049000000,12659000000,26656000000,30578000000,539000000,826000000,3922000000,3922000000,17919000000,9531000000,2368000000,2873000000,2288000000,,198000000,
ABT,2017-12-31,468000000,353000000,707000000,11490000000,24452000000,27390000000,1878000000,904000000,2938000000,2938000000,15900000000,8804000000,477000000,2231000000,2183000000,,201000000,
ABT,2016-12-31,1393000000,1063000000,1805000000,9085000000,17635000000,20853000000,350000000,431000000,3218000000,3218000000,11768000000,6558000000,1400000000,1413000000,1442000000,,179000000,
ABT,2020-03-31,561000000,544000000,205000000,3277000000,6888000000,7726000000,89000000,139000000,838000000,838000000,4449000000,2474000000,564000000,633000000,576000000,209000000,,20000000
ABT,2019-12-31,1044000000,1049000000,243000000,3427000000,6831000000,8314000000,191000000,164000000,1483000000,1483000000,4887000000,2346000000,1049000000,1240000000,575000000,213000000,,20000000
ABT,2019-09-30,954000000,960000000,150000000,3358000000,6823000000,8076000000,143000000,167000000,1253000000,1253000000,4718000000,2385000000,960000000,1103000000,596000000,202000000,,20000000
ABT,2019-06-30,1000000000,1006000000,160000000,3279000000,6717000000,7979000000,96000000,168000000,1262000000,1262000000,4700000000,2378000000,1006000000,1102000000,577000000,208000000,,20000000
MCD,2019-12-31,6025400000,6025400000,872600000,9961200000,12185800000,21076500000,1992700000,1121900000,8890700000,8890700000,11115300000,2229400000,6025400000,8018100000,,4800000,,
MCD,2018-12-31,5924300000,5924300000,763000000,10239200000,12446100000,21025200000,1891800000,981200000,8579100000,8579100000,10786000000,2200200000,5924300000,7816100000,,6700000,,
MCD,2017-12-31,5192300000,5192300000,181200000,12199600000,14428100000,22820400000,3381200000,921300000,8392300000,8392300000,10620800000,2231300000,5192300000,8573500000,,2800000,,
MCD,2016-12-31,4686500000,4686500000,954200000,14417200000,16801700000,24621900000,2179500000,884800000,7820200000,7820200000,10204700000,2384500000,4686500000,6866000000,,2800000,,
MCD,2020-03-31,1106900000,1106900000,307300000,2372500000,2962200000,4714400000,338000000,280000000,1752200000,1752200000,2341900000,516300000,1106900000,1444900000,,,100000,
MCD,2019-12-31,1572200000,1572200000,170800000,2502900000,3151400000,5349000000,454600000,283000000,2197600000,2197600000,2846100000,653600000,1572200000,2026800000,,,5100000,
MCD,2019-09-30,1607900000,1607900000,207600000,2527200000,3070800000,5430600000,544300000,280600000,2359800000,2359800000,2903400000,543600000,1607900000,2152200000,,,5100000,
MCD,2019-06-30,1516900000,1516900000,290200000,2511800000,3043300000,5341300000,490900000,284200000,2298000000,2298000000,2829500000,533100000,1516900000,2007800000,,,1600000,
CMCSA,2019-12-31,13057000000,13323000000,4129000000,34440000000,87817000000,108942000000,3673000000,4567000000,21125000000,21125000000,74502000000,40424000000,13057000000,16996000000,,,2520000000,
CMCSA,2018-12-31,11731000000,11862000000,3765000000,29692000000,75500000000,94507000000,3380000000,3542000000,19007000000,19007000000,64815000000,34791000000,11731000000,15242000000,,,2205000000,
CMCSA,2017-12-31,22735000000,22922000000,2223000000,25355000000,67453000000,85029000000,7569000000,3086000000,17576000000,17576000000,59674000000,31968000000,22735000000,15353000000,,,2200000000,
CMCSA,2016-12-31,8678000000,9028000000,2566000000,24348000000,63844000000,80736000000,5298000000,2942000000,16892000000,16892000000,56388000000,30070000000,8678000000,14326000000,,,3677000000,
CMCSA,2020-03-31,2147000000,2224000000,1928000000,8301000000,21757000000,26609000000,700000000,1212000000,4852000000,4852000000,18308000000,10192000000,2147000000,2924000000,,2536000000,,
CMCSA,2019-12-31,3162000000,3200000000,1186000000,9300000000,23151000000,28398000000,861000000,1113000000,5247000000,5247000000,19098000000,10674000000,3162000000,4061000000,,2520000000,,
CMCSA,2019-09-30,3217000000,3288000000,1277000000,8316000000,21487000000,26827000000,775000000,1167000000,5340000000,5340000000,18511000000,9991000000,3217000000,4063000000,,2384000000,,
CMCSA,2019-06-30,3125000000,3203000000,1192000000,8255000000,21502000000,26858000000,961000000,1137000000,5356000000,5356000000,18603000000,9971000000,3125000000,4164000000,,2309000000,,
CSCO,2019-07-27,11621000000,11621000000,409000000,19238000000,37742000000,51904000000,2950000000,859000000,14162000000,14162000000,32666000000,11777000000,11621000000,14571000000,6577000000,,,
CSCO,2018-07-28,110000000,110000000,204000000,18597000000,36495000000,49330000000,12929000000,943000000,12835000000,12835000000,30733000000,11345000000,110000000,13039000000,6332000000,,,
CSCO,2017-07-29,9609000000,9609000000,452000000,17781000000,35266000000,48005000000,2678000000,861000000,12739000000,12739000000,30224000000,11167000000,9609000000,12287000000,6059000000,,,
CSCO,2016-07-30,10739000000,10739000000,36000000,18363000000,36363000000,49247000000,2181000000,676000000,12884000000,12884000000,30884000000,11401000000,10739000000,12920000000,6296000000,,,
CSCO,2020-04-25,2774000000,2774000000,98000000,4212000000,8441000000,11983000000,670000000,130000000,3542000000,3542000000,7771000000,2649000000,2774000000,3444000000,1546000000,,,
CSCO,2020-01-25,2878000000,2878000000,112000000,4241000000,8583000000,12005000000,656000000,158000000,3422000000,3422000000,7764000000,2734000000,2878000000,3534000000,1570000000,,,
CSCO,2019-10-26,2926000000,2926000000,82000000,4695000000,9391000000,13159000000,760000000,178000000,3768000000,3768000000,8464000000,2994000000,2926000000,3686000000,1666000000,,,
CSCO,2019-07-27,2206000000,2206000000,32000000,4854000000,9692000000,13428000000,1498000000,204000000,3736000000,3736000000,8574000000,3047000000,2206000000,3704000000,1753000000,,,
DIS,2019-09-28,11054000000,10913000000,1990800000,42018000000,57616800000,69570000000,3031000000,1246000000,11953200000,11953200000,27552000000,11438800000,11054000000,13944000000,,,13975000000,613000000
DIS,2018-09-29,12598000000,13066000000,108000000,32726000000,44597000000,59434000000,1663000000,682000000,14837000000,14837000000,26708000000,8860000000,12598000000,14729000000,,,5182000000,613000000
DIS,2017-09-30,8980000000,9366000000,85000000,30306000000,41264000000,55137000000,4422000000,507000000,13873000000,13873000000,24831000000,8176000000,8980000000,13788000000,,,4837000000,613000000
DIS,2016-10-01,9391000000,9790000000,381000000,29864000000,41145000000,55632000000,5078000000,354000000,14487000000,14487000000,25768000000,8754000000,9391000000,14868000000,,,4058000000,613000000
DIS,2020-03-28,460000000,535000000,312000000,11918000000,16637000000,18009000000,525000000,365000000,1372000000,1372000000,6091000000,3386000000,460000000,1060000000,,13566000000,,15000000
DIS,2019-12-28,2107000000,2173000000,212000000,13016000000,18014000000,20858000000,459000000,362000000,2844000000,2844000000,7842000000,3700000000,2107000000,2632000000,,14045000000,,26000000
DIS,2019-09-28,1054000000,914000000,894200000,11822000000,16947800000,19100000000,344000000,513000000,2152200000,2152200000,7278000000,3829800000,1054000000,1258000000,,13975000000,,269000000
DIS,2019-06-29,1760000000,1623000000,769000000,12819000000,17458000000,20245000000,395000000,472000000,2787000000,2787000000,7426000000,3335000000,1760000000,2018000000,,14781000000,,323000000
ADBE,2019-11-29,2951458000,2951458000,63380000,1672720000,7903176000,11171297000,253283000,157214000,3268121000,3268121000,9498577000,4124984000,2951458000,3204741000,1930228000,,,
ADBE,2018-11-30,2590774000,2590774000,46493000,1194999000,6189639000,9030008000,203102000,89242000,2840369000,2840369000,7835009000,3365727000,2590774000,2793876000,1537812000,,,
ADBE,2017-12-01,1693954000,1693954000,30454000,1010491000,5133410000,7301505000,443687000,74402000,2168095000,2168095000,6291014000,2822298000,1693954000,2137641000,1224059000,,,
ADBE,2016-12-02,1168782000,1168782000,58464000,819908000,4360828000,5854430000,266356000,70442000,1493602000,1493602000,5034522000,2486399000,1168782000,1435138000,975987000,,,
ADBE,2020-05-29,1100000000,1100000000,16000000,415000000,2112000000,3128000000,100000000,28000000,1016000000,1016000000,2713000000,1125000000,1100000000,1000000000,532000000,,,
ADBE,2020-02-28,955000000,955000000,18000000,452000000,2154000000,3091000000,36000000,33000000,937000000,937000000,2639000000,1128000000,955000000,919000000,532000000,,,
ADBE,2019-11-29,851861000,851861000,12785000,451983000,2022013000,2991945000,105286000,36515000,969932000,969932000,2539962000,1027526000,851861000,957147000,499806000,,,
ADBE,2019-08-30,792763000,792763000,19324000,415963000,1980314000,2834126000,41725000,39529000,853812000,853812000,2418163000,1031570000,792763000,834488000,489827000,,,
WMT,2020-01-31,14881000000,15201000000,1352000000,394605000000,502496000000,523964000000,4915000000,2599000000,21468000000,21468000000,129359000000,107891000000,14881000000,20116000000,,,6883000000,
WMT,2019-01-31,6670000000,7179000000,10657000000,385301000000,492288000000,514405000000,4281000000,2346000000,22117000000,22117000000,129104000000,106987000000,6670000000,11460000000,,,7138000000,
WMT,2018-01-31,9862000000,10523000000,5814000000,373396000000,479406000000,500343000000,4600000000,2330000000,20937000000,20937000000,126947000000,106010000000,9862000000,15123000000,,,2953000000,
WMT,2017-01-31,13643000000,14293000000,2267000000,361256000000,463109000000,485873000000,6204000000,2367000000,22764000000,22764000000,124617000000,101853000000,13643000000,20497000000,,,2737000000,
WMT,2020-04-30,3990000000,4074000000,728000000,102026000000,128498000000,134622000000,1322000000,592000000,6124000000,6124000000,32596000000,26472000000,3990000000,5396000000,,5870000000,,
WMT,2020-01-31,4141000000,4294000000,249000000,107748000000,135749000000,141671000000,1379000000,652000000,5922000000,5922000000,33923000000,28001000000,4141000000,5673000000,,6883000000,,
WMT,2019-10-31,3288000000,3321000000,645000000,95900000000,122973000000,127991000000,1052000000,633000000,5018000000,5018000000,32091000000,27073000000,3288000000,4373000000,,6658000000,,
WMT,2019-07-31,3610000000,3680000000,670000000,97923000000,124794000000,130377000000,1233000000,641000000,5583000000,5583000000,32454000000,26871000000,3610000000,4913000000,,6804000000,,
CRM,2020-01-31,126000000,126000000,203000000,4235000000,16595000000,17098000000,580000000,131000000,503000000,503000000,12863000000,9594000000,126000000,706000000,2766000000,,,
CRM,2019-01-31,1110000000,1110000000,424000000,3451000000,12723000000,13282000000,127000000,154000000,559000000,559000000,9831000000,7386000000,1110000000,983000000,1886000000,,,
CRM,2018-01-31,360000000,360000000,34000000,2773000000,10086000000,10540000000,60000000,154000000,454000000,454000000,7767000000,5760000000,360000000,420000000,1553000000,,,
CRM,2017-01-31,323000000,323000000,39000000,2234000000,8219000000,8437000000,144000000,89000000,218000000,218000000,6203000000,4777000000,323000000,179000000,1208000000,,,
CRM,2020-01-31,248000000,248000000,32000000,1220000000,4887000000,4851000000,244000000,30000000,36000000,36000000,3631000000,2836000000,248000000,4000000,831000000,,,
CRM,2019-10-31,109000000,109000000,31000000,1134000000,4418000000,4513000000,173000000,32000000,95000000,95000000,3379000000,2510000000,109000000,64000000,774000000,,,
CRM,2019-07-31,91000000,91000000,60000000,967000000,3773000000,3997000000,73000000,34000000,224000000,224000000,3030000000,2199000000,91000000,164000000,607000000,,,
CRM,2019-04-30,392000000,392000000,272000000,914000000,3527000000,3737000000,90000000,35000000,210000000,210000000,2823000000,2059000000,392000000,482000000,554000000,,,
DHR,2019-12-31,2939800000,2432300000,23900000,7927400000,14629700000,17911100000,873000000,108600000,3281400000,3281400000,9983700000,5576300000,3008200000,3305300000,1126000000,,11300000,575900000
DHR,2018-12-31,2650900000,2406300000,127700000,7543200000,13958900000,17048500000,555600000,136900000,3089600000,3089600000,9505300000,5356500000,2650900000,2961900000,1059200000,,12300000,244600000
DHR,2017-12-31,2492100000,2172200000,59800000,6947500000,12915800000,15518800000,371000000,140100000,2603000000,2603000000,8571300000,5011900000,2492100000,2543200000,956400000,,9600000,319900000
DHR,2016-12-31,2553700000,2153400000,292300000,7522400000,13978800000,16882400000,457900000,184400000,2903600000,2903600000,9360000000,5481300000,2553700000,2611300000,975100000,,74000000,400300000
DHR,2020-04-03,575500000,595100000,300000,1900300000,3632300000,4343100000,116000000,47400000,710800000,710800000,2442800000,1445000000,595100000,711100000,287000000,11300000,,
DHR,2019-12-31,1255500000,792900000,13800000,2164800000,3906700000,4868400000,182600000,44400000,961700000,961700000,2703600000,1448100000,1275100000,975500000,293800000,11300000,,
DHR,2019-09-27,648400000,673900000,3800000,2228900000,4198100000,5037300000,169100000,26300000,839200000,839200000,2808400000,1650300000,668000000,843000000,318900000,693300000,,
DHR,2019-06-28,708600000,731300000,5600000,2279200000,4266500000,5156600000,164400000,20600000,890100000,890100000,2877400000,1665500000,731300000,895700000,321800000,12000000,,
BMY,2019-12-31,3439000000,3460000000,2089000000,7220000000,19081000000,26145000000,1515000000,656000000,7064000000,7064000000,18925000000,4835000000,3439000000,4975000000,5891000000,,100000000,
BMY,2018-12-31,4920000000,4947000000,447000000,6409000000,16146000000,22561000000,1021000000,183000000,6415000000,6415000000,16152000000,4522000000,4920000000,5968000000,5118000000,,96000000,
BMY,2017-12-31,1007000000,975000000,1151000000,5865000000,16796000000,20776000000,4156000000,196000000,3980000000,3980000000,14911000000,4749000000,1007000000,5131000000,6085000000,,106000000,
BMY,2016-12-31,4457000000,4507000000,728000000,4948000000,14240000000,19427000000,1408000000,167000000,5187000000,5187000000,14479000000,4815000000,4457000000,5915000000,4477000000,,170000000,
BMY,2020-03-31,775000000,766000000,2664000000,2226000000,8421000000,10781000000,462000000,353000000,2360000000,2360000000,8555000000,1596000000,775000000,304000000,2299000000,66000000,,
BMY,2019-12-31,1056000000,1060000000,1517000000,1747000000,6557000000,7945000000,931000000,303000000,1388000000,1388000000,6198000000,1730000000,1056000000,129000000,1945000000,100000000,,
BMY,2019-09-30,1353000000,1366000000,461000000,1788000000,4197000000,6007000000,17000000,201000000,1810000000,1810000000,4219000000,1047000000,1353000000,1349000000,1362000000,106000000,,
BMY,2019-06-30,1432000000,1439000000,302000000,1853000000,4195000000,6273000000,337000000,114000000,2078000000,2078000000,4420000000,1058000000,1432000000,1776000000,1284000000,102000000,,
NEE,2019-12-31,3769000000,3388000000,1637000000,7912000000,13731000000,19204000000,448000000,2249000000,5473000000,5473000000,11292000000,94000000,3769000000,3836000000,,1697000000,4842000000,
NEE,2018-12-31,6638000000,5776000000,2938000000,7062000000,12313000000,16727000000,1576000000,1498000000,4414000000,4414000000,9665000000,168000000,6638000000,7352000000,,1508000000,3737000000,
NEE,2017-12-31,5380000000,5323000000,1320000000,7529000000,11190000000,17173000000,660000000,1558000000,5983000000,5983000000,9644000000,151000000,5380000000,4663000000,,1455000000,1295000000,
NEE,2016-12-31,2906000000,2999000000,80000000,7521000000,11840000000,16138000000,1379000000,1098000000,4298000000,4298000000,8617000000,144000000,2906000000,4378000000,,1343000000,990000000,
NEE,2020-03-31,421000000,308000000,1687000000,1651000000,2853000000,4613000000,235000000,1311000000,1760000000,1760000000,2962000000,52000000,421000000,73000000,,4710000000,406000000,
NEE,2019-12-31,975000000,844000000,203000000,2028000000,3349000000,4588000000,192000000,188000000,1239000000,1239000000,2560000000,42000000,975000000,1036000000,,4842000000,310000000,
NEE,2019-09-30,879000000,798000000,789000000,2129000000,3927000000,5572000000,58000000,746000000,1645000000,1645000000,3443000000,50000000,879000000,856000000,,3648000000,553000000,
NEE,2019-06-30,1234000000,1139000000,171000000,1974000000,3536000000,4970000000,124000000,601000000,1434000000,1434000000,2996000000,35000000,1234000000,1263000000,,3584000000,416000000,
PM,2019-12-31,7168000000,7728000000,843000000,10513000000,18941000000,29805000000,2293000000,796000000,10864000000,10864000000,19292000000,8362000000,7185000000,10021000000,,,1978000000,
PM,2018-12-31,7895000000,8286000000,605000000,10758000000,18289000000,29625000000,2445000000,855000000,11336000000,11336000000,18867000000,7449000000,7911000000,10731000000,,,1720000000,
PM,2017-12-31,6021000000,6341000000,855000000,10432000000,17245000000,28748000000,4307000000,1096000000,11503000000,11503000000,18316000000,6725000000,6035000000,10648000000,,,1856000000,
PM,2016-12-31,6948000000,7250000000,797000000,9391000000,15870000000,26685000000,2768000000,1069000000,10815000000,10815000000,17294000000,6405000000,6967000000,10018000000,,,1788000000,
PM,2020-03-31,1821000000,1987000000,183000000,2402000000,4387000000,7153000000,596000000,183000000,2766000000,2766000000,4751000000,1967000000,1826000000,2583000000,,1881000000,,
PM,2019-12-31,1612000000,1782000000,430000000,2778000000,4878000000,7713000000,623000000,191000000,2835000000,2835000000,4935000000,2084000000,1616000000,2405000000,,1978000000,,
PM,2019-09-30,1891000000,2046000000,109000000,2605000000,4852000000,7642000000,635000000,186000000,2790000000,2790000000,5037000000,2232000000,1896000000,2681000000,,1855000000,,
PM,2019-06-30,2314000000,2436000000,143000000,2665000000,4509000000,7699000000,611000000,89000000,3190000000,3190000000,5034000000,1828000000,2319000000,3047000000,,1790000000,,
WFC,2019-12-31,17938000000,20041000000,899000000,0,57361000000,82458000000,4157000000,,25097000000,0,82458000000,42758000000,19549000000,24198000000,,14603000000,838000000,
WFC,2018-12-31,20689000000,22876000000,2168000000,0,53990000000,84696000000,5662000000,,30706000000,0,84696000000,40547000000,22393000000,28538000000,,13443000000,900000000,
WFC,2017-12-31,20554000000,22460000000,2439000000,0,56173000000,85989000000,4917000000,,29816000000,0,85989000000,40422000000,22183000000,27377000000,,15751000000,1143000000,
WFC,2016-12-31,20373000000,22045000000,2360000000,0,50061000000,84541000000,10075000000,,34480000000,0,84541000000,38826000000,21938000000,32120000000,,11235000000,916000000,
WFC,2020-03-31,42000000,505000000,141000000,0,12907000000,13712000000,159000000,,805000000,0,13712000000,9871000000,653000000,664000000,,612000000,3036000000,
WFC,2019-12-31,2546000000,2924000000,318000000,0,15378000000,19298000000,678000000,,3920000000,0,19298000000,11596000000,2873000000,3602000000,,838000000,3782000000,
WFC,2019-09-30,4037000000,4812000000,223000000,0,14976000000,21315000000,1304000000,,6339000000,0,21315000000,10210000000,4610000000,6116000000,,1112000000,4766000000,
WFC,2019-06-30,5848000000,6338000000,171000000,0,13278000000,21081000000,1294000000,,7803000000,0,21081000000,10129000000,6206000000,7632000000,,995000000,3149000000,
T,2019-12-31,13900000000,14975000000,9273000000,84141000000,153452000000,181193000000,3493000000,8422000000,27741000000,27741000000,97052000000,41094000000,13903000000,18468000000,,,17713000000,
T,2018-12-31,19370000000,19953000000,6745000000,79419000000,139138000000,170756000000,4920000000,7957000000,31618000000,31618000000,91337000000,31289000000,19370000000,24873000000,,,9795000000,
T,2017-12-31,29450000000,29847000000,8856000000,77810000000,136551000000,160546000000,14708000000,6300000000,23995000000,23995000000,82736000000,34354000000,29450000000,15139000000,,,1146000000,
T,2016-12-31,12976000000,13333000000,5093000000,77190000000,138881000000,163786000000,6479000000,4910000000,24905000000,24905000000,86596000000,35844000000,12976000000,19812000000,,,975000000,
T,2020-03-31,4578000000,4963000000,2238000000,19281000000,34276000000,42779000000,1302000000,2018000000,8503000000,8503000000,23498000000,7773000000,4610000000,6265000000,,17670000000,,
T,2019-12-31,2391000000,2704000000,3898000000,22736000000,39785000000,46821000000,434000000,2049000000,7036000000,7036000000,24085000000,10088000000,2394000000,3138000000,,17713000000,,
T,2019-09-30,3700000000,3949000000,1894000000,20154000000,37808000000,44588000000,937000000,2083000000,6780000000,6780000000,24434000000,10705000000,3700000000,4886000000,,11278000000,,
T,2019-06-30,3713000000,3974000000,1395000000,20512000000,38489000000,44957000000,1099000000,2149000000,6468000000,6468000000,24445000000,10876000000,3713000000,5073000000,,9824000000,,
INTC,2019-12-28,21048000000,21048000000,1630000000,29825000000,49537000000,71965000000,3010000000,489000000,22428000000,22428000000,42140000000,6150000000,21048000000,24058000000,13362000000,393000000,,
INTC,2018-12-29,21053000000,21053000000,73000000,27111000000,47604000000,70848000000,2264000000,468000000,23244000000,23244000000,43737000000,6750000000,21053000000,23317000000,13543000000,72000000,,
INTC,2017-12-30,9601000000,9601000000,1918000000,23663000000,44327000000,62761000000,10751000000,646000000,18434000000,18434000000,39098000000,7452000000,9601000000,20352000000,13035000000,72000000,,
INTC,2016-12-31,10316000000,10316000000,2069000000,22767000000,44382000000,59387000000,2620000000,733000000,15005000000,15005000000,36620000000,8636000000,10316000000,12936000000,12685000000,72000000,,
INTC,2020-03-28,5661000000,5661000000,586000000,7812000000,12628000000,19828000000,953000000,135000000,7200000000,7200000000,12016000000,1541000000,5661000000,6614000000,3275000000,,,
INTC,2019-12-28,6905000000,6905000000,1166000000,8331000000,13307000000,20209000000,1163000000,108000000,6902000000,6902000000,11878000000,1542000000,6905000000,8068000000,3384000000,,,
INTC,2019-09-28,5990000000,5990000000,168000000,7895000000,12639000000,19190000000,729000000,107000000,6551000000,6551000000,11295000000,1486000000,5990000000,6719000000,3208000000,,,
INTC,2019-06-29,4179000000,4179000000,77000000,6627000000,11704000000,16505000000,545000000,135000000,4801000000,4801000000,9878000000,1589000000,4179000000,4724000000,3438000000,,,
RTX,2019-12-31,5537000000,5948000000,2030000000,56834000000,66773000000,77046000000,2295000000,1773000000,10273000000,10273000000,20212000000,7399000000,5537000000,8243000000,3015000000,475000000,2552000000,
RTX,2018-12-31,5269000000,5654000000,236000000,49985000000,57985000000,66501000000,2626000000,1225000000,8516000000,8516000000,16516000000,6189000000,5269000000,8280000000,2462000000,651000000,2273000000,
RTX,2017-12-31,4552000000,4920000000,382000000,44201000000,51692000000,59837000000,2843000000,1017000000,8145000000,8145000000,15636000000,5856000000,4552000000,7763000000,2427000000,792000000,1942000000,
RTX,2016-12-31,5055000000,5436000000,945000000,41471000000,49166000000,57244000000,1697000000,997000000,8078000000,8078000000,15773000000,6007000000,5055000000,7133000000,2376000000,688000000,1886000000,
RTX,2020-03-31,83000000,14000000,1137000000,13402000000,16118000000,18210000000,941000000,400000000,2092000000,2092000000,4808000000,2018000000,83000000,955000000,671000000,2619000000,27000000,
RTX,2019-12-31,1143000000,1267000000,262000000,14622000000,17696000000,19551000000,326000000,450000000,1855000000,1855000000,4929000000,2416000000,1143000000,1593000000,812000000,2552000000,154000000,
RTX,2019-09-30,1148000000,1257000000,397000000,14211000000,16711000000,19496000000,1131000000,435000000,2785000000,2785000000,5285000000,1801000000,1148000000,2388000000,732000000,2458000000,33000000,
RTX,2019-06-30,1900000000,1999000000,342000000,14413000000,16852000000,19634000000,441000000,438000000,2782000000,2782000000,5221000000,1890000000,1900000000,2440000000,743000000,2332000000,194000000,
QCOM,2019-09-29,4386000000,4386000000,600000000,8599000000,16192000000,24273000000,3095000000,627000000,8081000000,8081000000,15674000000,2195000000,4386000000,7481000000,5398000000,,,
QCOM,2018-09-30,4964000000,4964000000,3936000000,10244000000,18283000000,22611000000,5356000000,768000000,4328000000,4328000000,12367000000,2432000000,4964000000,392000000,5625000000,,,
QCOM,2017-09-24,2445000000,2444000000,1595000000,9792000000,17676000000,22258000000,543000000,494000000,4582000000,4582000000,12466000000,2429000000,2445000000,2987000000,5455000000,,,
QCOM,2016-09-25,5705000000,5702000000,21000000,9315000000,16742000000,23554000000,1131000000,297000000,6812000000,6812000000,14239000000,2286000000,5705000000,6833000000,5141000000,,,
QCOM,2020-03-29,468000000,468000000,370000000,2297000000,4248000000,5216000000,130000000,146000000,968000000,968000000,2919000000,483000000,468000000,598000000,1468000000,,,
QCOM,2019-12-29,925000000,925000000,83000000,2113000000,4047000000,5077000000,22000000,148000000,1030000000,1030000000,2964000000,528000000,925000000,947000000,1406000000,,,
QCOM,2019-09-29,506000000,506000000,504000000,2416000000,4704000000,4814000000,108000000,150000000,110000000,110000000,2398000000,844000000,506000000,614000000,1444000000,,,
QCOM,2019-06-30,2149000000,2149000000,249000000,2018000000,3885000000,9635000000,3352000000,160000000,5750000000,5750000000,7617000000,488000000,2149000000,5501000000,1379000000,,,
TXN,2019-12-31,4985000000,5017000000,46000000,5219000000,8701000000,14383000000,711000000,170000000,5682000000,5682000000,9164000000,1650000000,5017000000,5728000000,1544000000,,,
TXN,2018-12-31,5537000000,5580000000,2000000,5507000000,9100000000,15784000000,1106000000,125000000,6684000000,6684000000,10277000000,1716000000,5580000000,6686000000,1559000000,,,
TXN,2017-12-31,3648000000,3682000000,46000000,5347000000,8927000000,14961000000,2398000000,78000000,6034000000,6034000000,9614000000,1754000000,3682000000,6080000000,1508000000,,,
TXN,2016-12-31,3550000000,3595000000,146000000,5113000000,8586000000,13370000000,1335000000,80000000,4784000000,4784000000,8257000000,1798000000,3595000000,4930000000,1356000000,,,
TXN,2020-03-31,1168000000,1174000000,10000000,1241000000,2095000000,3329000000,50000000,45000000,1234000000,1234000000,2088000000,427000000,1174000000,1224000000,377000000,,,
TXN,2019-12-31,1063000000,1070000000,1000000,1253000000,2094000000,3350000000,187000000,45000000,1256000000,1256000000,2097000000,377000000,1070000000,1257000000,386000000,,,
TXN,2019-09-30,1416000000,1425000000,3000000,1325000000,2194000000,3771000000,155000000,43000000,1577000000,1577000000,2446000000,411000000,1425000000,1580000000,379000000,,,
TXN,2019-06-30,1296000000,1305000000,31000000,1308000000,2185000000,3668000000,209000000,44000000,1483000000,1483000000,2360000000,435000000,1305000000,1514000000,390000000,,,
UPS,2019-12-31,4440000000,4440000000,116000000,60457000000,68558000000,74094000000,1212000000,653000000,5536000000,5536000000,13637000000,,4440000000,5652000000,,5744000000,16000000,
UPS,2018-12-31,4791000000,4791000000,463000000,58731000000,66305000000,71861000000,1228000000,605000000,5556000000,5556000000,13130000000,,4791000000,6019000000,,5379000000,16000000,
UPS,2017-12-31,4905000000,4905000000,608000000,52719000000,60056000000,66585000000,2232000000,453000000,6529000000,6529000000,13866000000,,4905000000,7137000000,,5055000000,30000000,
UPS,2016-12-31,3422000000,3422000000,229000000,49902000000,56745000000,61610000000,1699000000,381000000,4865000000,4865000000,11708000000,,3422000000,5121000000,,4619000000,24000000,
UPS,2020-03-31,965000000,965000000,194000000,14383000000,16591000000,18035000000,285000000,167000000,1444000000,1444000000,3652000000,,965000000,1250000000,,14000000,1560000000,
UPS,2019-12-31,106000000,106000000,712000000,19142000000,21478000000,20568000000,92000000,166000000,910000000,910000000,1426000000,,106000000,198000000,,16000000,1709000000,
UPS,2019-09-30,1750000000,1750000000,176000000,13997000000,15936000000,18318000000,456000000,159000000,2382000000,2382000000,4321000000,,1750000000,2206000000,,16000000,1352000000,
UPS,2019-06-30,1685000000,1685000000,152000000,13757000000,15692000000,18048000000,519000000,159000000,2356000000,2356000000,4291000000,,1685000000,2204000000,,18000000,1360000000,
UNP,2019-12-31,5919000000,5919000000,868000000,9817000000,13093000000,21708000000,1828000000,1050000000,8615000000,8615000000,11891000000,,5919000000,7747000000,,1060000000,,
UNP,2018-12-31,5966000000,5966000000,814000000,11064000000,14277000000,22832000000,1775000000,870000000,8555000000,8555000000,11768000000,,5966000000,7741000000,,1022000000,,
UNP,2017-12-31,10712000000,10712000000,515000000,10040000000,13093000000,21240000000,3080000000,719000000,8147000000,8147000000,11200000000,,10712000000,7632000000,,948000000,,
UNP,2016-12-31,4233000000,4233000000,506000000,9634000000,12669000000,19941000000,2533000000,698000000,7272000000,7272000000,10307000000,,4233000000,6766000000,,997000000,,
UNP,2020-03-31,1474000000,1474000000,233000000,2233000000,3078000000,5229000000,444000000,278000000,2151000000,2151000000,2996000000,,1474000000,1918000000,,,298000000,
UNP,2019-12-31,1403000000,1403000000,329000000,2215000000,3005000000,5212000000,475000000,278000000,2207000000,2207000000,2997000000,,1403000000,1878000000,,,231000000,
UNP,2019-09-30,1555000000,1555000000,225000000,2436000000,3270000000,5516000000,466000000,266000000,2246000000,2246000000,3080000000,,1555000000,2021000000,,,277000000,
UNP,2019-06-30,1570000000,1570000000,178000000,2562000000,3360000000,5596000000,488000000,259000000,2236000000,2236000000,3034000000,,1570000000,2058000000,,,247000000,
AMGN,2019-12-31,7842000000,7842000000,583000000,4356000000,13641000000,23362000000,1296000000,1289000000,9721000000,9721000000,19006000000,5150000000,7842000000,9138000000,4116000000,19000000,,
AMGN,2018-12-31,8394000000,8394000000,1006000000,4101000000,13196000000,23747000000,1151000000,1392000000,10551000000,10551000000,19646000000,5332000000,8394000000,9545000000,3737000000,26000000,,
AMGN,2017-12-31,1979000000,1979000000,743000000,4069000000,12509000000,22849000000,7618000000,1303000000,10340000000,10340000000,18780000000,4870000000,1979000000,9597000000,3562000000,8000000,,
AMGN,2016-12-31,7722000000,7722000000,669000000,4162000000,13159000000,22991000000,1441000000,1259000000,9832000000,9832000000,18829000000,5120000000,7722000000,9163000000,3840000000,37000000,,
AMGN,2020-03-31,1825000000,1825000000,335000000,1513000000,3806000000,6161000000,195000000,346000000,2355000000,2355000000,4648000000,1316000000,1825000000,2020000000,952000000,,25000000,
AMGN,2019-12-31,1703000000,1703000000,112000000,1253000000,4102000000,6197000000,280000000,332000000,2095000000,2095000000,4944000000,1513000000,1703000000,1983000000,1312000000,,24000000,
AMGN,2019-09-30,1968000000,1968000000,199000000,1036000000,3261000000,5737000000,309000000,313000000,2476000000,2476000000,4701000000,1223000000,1968000000,2277000000,1001000000,,1000000,
AMGN,2019-06-30,2179000000,2179000000,114000000,1012000000,3193000000,5871000000,385000000,332000000,2678000000,2678000000,4859000000,1260000000,2179000000,2564000000,924000000,,3000000,
NKE,2019-05-31,4029000000,4029000000,29000000,21643000000,34345000000,39117000000,772000000,131000000,4772000000,4772000000,17474000000,12702000000,4029000000,4801000000,,,,
NKE,2018-05-31,1933000000,1933000000,120000000,20441000000,31952000000,36397000000,2392000000,124000000,4445000000,4445000000,15956000000,11511000000,1933000000,4325000000,,,,
NKE,2017-05-31,4240000000,4240000000,137000000,19038000000,29601000000,34350000000,646000000,86000000,4749000000,4749000000,15312000000,10563000000,4240000000,4886000000,,,,
NKE,2016-05-31,3760000000,3760000000,121000000,17405000000,27874000000,32376000000,863000000,31000000,4502000000,4502000000,14971000000,10469000000,3760000000,4623000000,,,,
NKE,2020-02-29,847000000,847000000,309000000,5631000000,8914000000,10104000000,34000000,28000000,1190000000,1190000000,4473000000,3283000000,847000000,881000000,,,,
NKE,2019-11-30,1115000000,1115000000,29000000,5782000000,9106000000,10326000000,134000000,26000000,1220000000,1220000000,4544000000,3324000000,1115000000,1249000000,,,,
NKE,2019-08-31,1367000000,1367000000,18000000,5789000000,9117000000,10660000000,194000000,36000000,1543000000,1543000000,4871000000,3328000000,1367000000,1561000000,,,,
NKE,2019-05-31,989000000,989000000,16000000,5551000000,8957000000,10184000000,254000000,34000000,1227000000,1227000000,4633000000,3406000000,989000000,1243000000,,,,
IBM,2019-12-31,9431000000,9435000000,619000000,40658000000,66362000000,77147000000,731000000,1344000000,10785000000,10785000000,36489000000,20382000000,9431000000,10166000000,5936000000,614000000,144000000,4000000
IBM,2018-12-31,8728000000,8723000000,889000000,42654000000,67360000000,79591000000,2619000000,723000000,12231000000,12231000000,36937000000,20325000000,8728000000,11342000000,5379000000,998000000,134000000,5000000
IBM,2017-12-31,5753000000,5758000000,282000000,42196000000,67457000000,79139000000,5642000000,615000000,11682000000,11682000000,36943000000,21137000000,5753000000,11400000000,5590000000,1466000000,131000000,5000000
IBM,2016-12-31,11872000000,11881000000,1840000000,41402000000,65749000000,79919000000,449000000,630000000,14170000000,14170000000,38517000000,20225000000,11872000000,12330000000,5726000000,1604000000,146000000,9000000
IBM,2020-03-31,1175000000,1176000000,973000000,9648000000,16648000000,17571000000,1226000000,326000000,923000000,923000000,7923000000,5491000000,1175000000,50000000,1625000000,129000000,116000000,1000000
IBM,2019-12-31,3670000000,3669000000,79000000,10676000000,17705000000,21777000000,324000000,354000000,4072000000,4072000000,11101000000,5586000000,3670000000,3993000000,1596000000,144000000,153000000,1000000
IBM,2019-09-30,1672000000,1673000000,499000000,9692000000,16007000000,18028000000,151000000,432000000,2021000000,2021000000,8336000000,4970000000,1672000000,1522000000,1500000000,139000000,155000000,1000000
IBM,2019-06-30,2498000000,2499000000,2000000,10151000000,16395000000,19161000000,269000000,348000000,2766000000,2766000000,9010000000,5043000000,2498000000,2768000000,1407000000,131000000,206000000,1000000
CVS,2019-12-31,6629000000,6631000000,2821000000,211248000000,243947000000,255765000000,2366000000,3035000000,11818000000,11818000000,44517000000,32699000000,6634000000,8997000000,,,306000000,
CVS,2018-12-31,597000000,596000000,8645000000,163041000000,183868000000,193919000000,2002000000,2619000000,10051000000,10051000000,30878000000,20827000000,594000000,1406000000,,,318000000,
CVS,2017-12-31,6598000000,6631000000,1710000000,156258000000,174995000000,184765000000,1637000000,1062000000,9770000000,9770000000,28507000000,18737000000,6622000000,8268000000,,,4000000,
CVS,2016-12-31,5290000000,5320000000,1939000000,148666000000,166950000000,177526000000,3317000000,1078000000,10576000000,10576000000,28860000000,18284000000,5317000000,8637000000,,,4000000,
CVS,2020-03-31,2007000000,2012000000,586000000,54734000000,63228000000,66593000000,767000000,733000000,3365000000,3365000000,11859000000,8494000000,2007000000,2779000000,,334000000,,
CVS,2019-12-31,1745000000,1744000000,743000000,55198000000,63606000000,66683000000,590000000,734000000,3077000000,3077000000,11485000000,8408000000,1747000000,2334000000,,306000000,,
CVS,2019-09-30,1530000000,1529000000,739000000,53287000000,61675000000,64547000000,604000000,747000000,2872000000,2872000000,11260000000,8388000000,1530000000,2133000000,,319000000,,
CVS,2019-06-30,1935000000,1931000000,554000000,52057000000,59993000000,63138000000,660000000,772000000,3145000000,3145000000,11081000000,7936000000,1936000000,2591000000,,317000000,,
MDT,2020-04-24,4789000000,4806000000,1396000000,9264000000,23462000000,28913000000,751000000,1092000000,5451000000,5451000000,19649000000,9838000000,4789000000,4055000000,2331000000,273000000,135000000,
MDT,2019-04-26,4724000000,4743000000,1476000000,9064000000,23781000000,30557000000,557000000,959000000,6776000000,6776000000,21493000000,11866000000,4724000000,5300000000,2330000000,521000000,121000000,
MDT,2018-04-27,3011000000,3002000000,1189000000,9010000000,23192000000,29953000000,2570000000,1108000000,6761000000,6761000000,20943000000,11752000000,3011000000,5572000000,2256000000,174000000,102000000,
MDT,2017-04-28,4028000000,4024000000,1508000000,9246000000,23600000000,29710000000,578000000,1094000000,6110000000,6110000000,20464000000,9715000000,4028000000,4602000000,2193000000,466000000,122000000,
MDT,2020-04-24,646000000,640000000,261000000,2224000000,5531000000,5998000000,434000000,162000000,467000000,467000000,3774000000,2266000000,646000000,206000000,567000000,135000000,35000000,
MDT,2020-01-24,1915000000,1919000000,201000000,2350000000,5937000000,7717000000,340000000,156000000,1780000000,1780000000,5367000000,2539000000,1915000000,1579000000,573000000,145000000,39000000,
MDT,2019-10-25,1364000000,1371000000,239000000,2362000000,6173000000,7706000000,77000000,165000000,1533000000,1533000000,5344000000,2571000000,1364000000,1294000000,603000000,141000000,196000000,
MDT,2019-07-26,864000000,877000000,653000000,2331000000,5863000000,7493000000,100000000,609000000,1630000000,1630000000,5162000000,2486000000,864000000,977000000,587000000,134000000,19000000,
SPGI,2019-12-31,2123000000,2303000000,229000000,1801000000,3540000000,6699000000,627000000,198000000,3159000000,3159000000,4898000000,1535000000,2123000000,2930000000,,,2325000000,
SPGI,2018-12-31,1958000000,2121000000,250000000,1698000000,3297000000,6258000000,560000000,134000000,2961000000,2961000000,4560000000,1393000000,1958000000,2681000000,,,1676000000,
SPGI,2017-12-31,1496000000,1638000000,290000000,1694000000,3312000000,6063000000,823000000,149000000,2751000000,2751000000,4369000000,1438000000,1496000000,2461000000,,,1409000000,
SPGI,2016-12-31,2106000000,2228000000,899000000,1773000000,3372000000,5661000000,960000000,181000000,2289000000,2289000000,3888000000,1418000000,2106000000,3188000000,,,1131000000,
SPGI,2020-03-31,639000000,689000000,51000000,521000000,858000000,1786000000,188000000,34000000,928000000,928000000,1265000000,288000000,639000000,877000000,,2324000000,,
SPGI,2019-12-31,541000000,586000000,115000000,464000000,889000000,1735000000,145000000,93000000,846000000,846000000,1271000000,374000000,541000000,731000000,,2325000000,,
SPGI,2019-09-30,617000000,662000000,5000000,438000000,833000000,1689000000,189000000,32000000,856000000,856000000,1251000000,346000000,617000000,851000000,,2081000000,,
SPGI,2019-06-30,555000000,602000000,63000000,452000000,853000000,1704000000,180000000,37000000,851000000,851000000,1252000000,349000000,555000000,782000000,,1948000000,,
AMD,2019-12-28,341000000,341000000,259000000,3863000000,6100000000,6731000000,31000000,94000000,631000000,631000000,2868000000,750000000,341000000,372000000,1547000000,60000000,,
AMD,2018-12-29,337000000,337000000,168000000,3983000000,5979000000,6475000000,9000000,121000000,496000000,496000000,2492000000,562000000,337000000,328000000,1434000000,60000000,,
AMD,2017-12-30,33000000,33000000,142000000,3466000000,5126000000,5253000000,18000000,126000000,127000000,127000000,1787000000,516000000,33000000,15000000,1196000000,52000000,,
AMD,2016-12-31,498000000,498000000,76000000,3316000000,4702000000,4319000000,39000000,156000000,383000000,383000000,1003000000,466000000,498000000,459000000,1008000000,88000000,,
AMD,2020-03-28,162000000,162000000,9000000,968000000,1609000000,1786000000,6000000,13000000,177000000,177000000,818000000,199000000,162000000,168000000,442000000,,,
AMD,2019-12-28,170000000,170000000,143000000,1178000000,1779000000,2127000000,35000000,18000000,348000000,348000000,949000000,206000000,170000000,205000000,395000000,,,
AMD,2019-09-28,120000000,120000000,59000000,1024000000,1615000000,1801000000,7000000,24000000,186000000,186000000,777000000,185000000,120000000,127000000,406000000,,,
AMD,2019-06-29,35000000,35000000,22000000,910000000,1472000000,1531000000,2000000,25000000,59000000,59000000,621000000,189000000,35000000,37000000,373000000,,,
AMT,2019-12-31,1887800000,1916600000,948000000,2216800000,4715900000,7580300000,200000,814200000,2864400000,2864400000,5363500000,730400000,1887800000,1916400000,,9700000,1531500000,
AMT,2018-12-31,1227000000,1264700000,1587700000,2177800000,4697800000,7440100000,110100000,825600000,2742300000,2742300000,5262300000,733200000,1236400000,1154600000,,3500000,1568300000,
AMT,2017-12-31,1151500000,1225400000,992100000,2056600000,4415700000,6663900000,30700000,749600000,2248200000,2248200000,4607300000,637000000,1238900000,1256100000,,6200000,1712800000,
AMT,2016-12-31,849300000,970400000,806500000,1790400000,3853300000,5785700000,155500000,718300000,1932400000,1932400000,3995300000,543400000,956400000,1125900000,,6100000,1303600000,
AMT,2020-03-31,415000000,418600000,318800000,552000000,1234600000,1993100000,21100000,208800000,758500000,758500000,1441100000,217800000,415000000,439700000,,971600000,7500000,
AMT,2019-12-31,562700000,569400000,303900000,550200000,1150900000,1923700000,100500000,200900000,772800000,772800000,1373500000,179600000,562700000,468900000,,1531500000,28700000,
AMT,2019-09-30,498600000,505300000,207700000,559900000,1203900000,1953600000,36700000,201300000,749700000,749700000,1393700000,187900000,498600000,542000000,,1129500000,13300000,
AMT,2019-06-30,429100000,434300000,238900000,563300000,1186800000,1889600000,29600000,204500000,702800000,702800000,1326300000,164800000,429100000,463900000,,1155800000,9800000,
HON,2019-12-31,6143000000,6230000000,55000000,24339000000,29205000000,36709000000,1329000000,357000000,7504000000,7504000000,12370000000,4866000000,6143000000,7559000000,,,219000000,
HON,2018-12-31,6765000000,6828000000,415000000,29046000000,33900000000,41802000000,659000000,367000000,7902000000,7902000000,12756000000,4854000000,6765000000,7487000000,,,185000000,
HON,2017-12-31,1545000000,1588000000,249000000,28144000000,33335000000,40534000000,5362000000,316000000,7199000000,7199000000,12390000000,5191000000,1545000000,6950000000,,,168000000,
HON,2016-12-31,4812000000,4849000000,236000000,27677000000,32614000000,39302000000,1603000000,338000000,6688000000,6688000000,11625000000,4937000000,4812000000,6452000000,,,181000000,
HON,2020-03-31,1581000000,1606000000,244000000,5534000000,6772000000,8463000000,329000000,73000000,1691000000,1691000000,2929000000,1238000000,1581000000,1935000000,,7000000,,
HON,2019-12-31,1562000000,1590000000,4000000,6328000000,7732000000,9496000000,178000000,91000000,1764000000,1764000000,3168000000,1404000000,1562000000,1768000000,,219000000,,
HON,2019-09-30,1624000000,1648000000,23000000,6038000000,7142000000,9086000000,319000000,96000000,1944000000,1944000000,3048000000,1104000000,1624000000,1967000000,,204000000,,
HON,2019-06-30,1541000000,1556000000,24000000,6094000000,7285000000,9243000000,426000000,85000000,1958000000,1958000000,3149000000,1191000000,1541000000,1982000000,,197000000,,
COP,2019-12-31,7189000000,7257000000,2089000000,17164000000,25911000000,33346000000,2267000000,778000000,7435000000,7435000000,16182000000,639000000,7189000000,9524000000,,1275000000,69000000,
COP,2018-12-31,6257000000,6305000000,293000000,19507000000,27811000000,37491000000,3668000000,735000000,9680000000,9680000000,17984000000,585000000,6257000000,9973000000,,1394000000,125000000,
COP,2017-12-31,855000000,793000000,5150000000,17637000000,27343000000,29878000000,1822000000,1098000000,2535000000,2535000000,12241000000,576000000,855000000,2615000000,,1171000000,194000000,
COP,2016-12-31,3615000000,3559000000,764000000,15637000000,28511000000,23745000000,1971000000,1245000000,4766000000,4766000000,8108000000,735000000,3615000000,5530000000,,1165000000,252000000,
COP,2020-03-31,1739000000,1711000000,2218000000,3834000000,5737000000,6392000000,148000000,202000000,655000000,655000000,2558000000,11000000,1739000000,1563000000,,72000000,315000000,
COP,2019-12-31,720000000,743000000,511000000,4085000000,6039000000,7836000000,543000000,196000000,1797000000,1797000000,3751000000,1000000,720000000,1286000000,,69000000,314000000,
COP,2019-09-30,3056000000,3071000000,1891000000,4041000000,6444000000,8046000000,422000000,184000000,1602000000,1602000000,4005000000,157000000,3056000000,3493000000,,93000000,320000000,
COP,2019-06-30,1580000000,1597000000,63000000,4092000000,6131000000,8126000000,461000000,165000000,1995000000,1995000000,4034000000,148000000,1580000000,2058000000,,98000000,279000000,
LOW,2020-01-31,4268000000,4281000000,956000000,49048000000,65569000000,72148000000,1342000000,718000000,6579000000,6579000000,23100000000,15282000000,4281000000,5623000000,,,,
LOW,2019-02-01,2307000000,2314000000,1759000000,48401000000,66156000000,71309000000,1080000000,652000000,5153000000,5153000000,22908000000,16431000000,2314000000,3394000000,,,,
LOW,2018-02-02,3436000000,3447000000,1097000000,46185000000,62033000000,68619000000,2042000000,652000000,6586000000,6586000000,22434000000,14444000000,3447000000,5489000000,,,,
LOW,2017-02-03,3062000000,3093000000,692000000,43343000000,59124000000,65017000000,2108000000,657000000,5893000000,5893000000,21674000000,14328000000,3093000000,5201000000,,,,
LOW,2020-05-01,1333000000,1337000000,205000000,13162000000,17684000000,19675000000,449000000,210000000,1991000000,1991000000,6513000000,4196000000,1337000000,1786000000,,,,
LOW,2020-01-31,508000000,510000000,395000000,10889000000,14857000000,16027000000,265000000,184000000,1170000000,1170000000,5138000000,3653000000,510000000,775000000,,,,
LOW,2019-11-01,1046000000,1049000000,230000000,11748000000,15777000000,17388000000,332000000,182000000,1611000000,1611000000,5640000000,3719000000,1049000000,1381000000,,,,
LOW,2019-08-02,1670000000,1676000000,169000000,14252000000,18611000000,20992000000,536000000,182000000,2381000000,2381000000,6740000000,4048000000,1676000000,2212000000,,,,
ORCL,2019-05-31,11083000000,11083000000,1754000000,7995000000,25484000000,39506000000,1185000000,2082000000,14022000000,14022000000,31511000000,9774000000,11083000000,12268000000,6026000000,,578000000,
ORCL,2018-05-31,3587000000,3587000000,1426000000,8060000000,25533000000,39383000000,8837000000,2025000000,13850000000,13850000000,31323000000,9769000000,3587000000,12424000000,6084000000,,501000000,
ORCL,2017-05-31,9452000000,9452000000,1757000000,7452000000,24355000000,37792000000,2228000000,1798000000,13437000000,13437000000,30340000000,9299000000,9452000000,11680000000,6153000000,,386000000,
ORCL,2016-05-31,8901000000,8901000000,1662000000,7479000000,23943000000,37047000000,2541000000,1467000000,13104000000,13104000000,29568000000,9039000000,8901000000,11442000000,5787000000,,501000000,
ORCL,2020-02-29,2571000000,2571000000,516000000,1964000000,6204000000,9796000000,505000000,457000000,3592000000,3592000000,7832000000,2337000000,2571000000,3076000000,1500000000,646000000,3000000,
ORCL,2019-11-30,2311000000,2311000000,414000000,2048000000,6390000000,9614000000,499000000,463000000,3224000000,3224000000,7566000000,2391000000,2311000000,2810000000,1531000000,622000000,13000000,
ORCL,2019-08-31,2137000000,2137000000,451000000,1957000000,6285000000,9218000000,345000000,494000000,2933000000,2933000000,7261000000,2339000000,2137000000,2482000000,1557000000,586000000,18000000,
ORCL,2019-05-31,3740000000,3740000000,574000000,2063000000,6697000000,11137000000,126000000,525000000,4440000000,4440000000,9074000000,2648000000,3740000000,3866000000,1562000000,578000000,18000000,
INTU,2019-07-31,1557000000,1557000000,27000000,1147000000,4930000000,6784000000,324000000,15000000,1854000000,1854000000,5637000000,2524000000,1557000000,1881000000,1233000000,,,
INTU,2018-07-31,1329000000,1329000000,6000000,963000000,4465000000,6025000000,237000000,20000000,1560000000,1560000000,5062000000,2295000000,1329000000,1566000000,1186000000,,,
INTU,2017-07-31,985000000,985000000,28000000,798000000,3778000000,5196000000,405000000,31000000,1418000000,1418000000,4398000000,1968000000,985000000,1390000000,998000000,,,
INTU,2016-07-31,979000000,806000000,39000000,730000000,3452000000,4694000000,397000000,35000000,1242000000,1242000000,3964000000,1807000000,979000000,1203000000,881000000,,,
INTU,2020-04-30,1084000000,1084000000,5000000,421000000,1589000000,3002000000,324000000,2000000,1413000000,1413000000,2581000000,829000000,1084000000,1408000000,332000000,,,
INTU,2020-01-31,240000000,240000000,12000000,334000000,1426000000,1696000000,42000000,3000000,270000000,270000000,1362000000,752000000,240000000,282000000,333000000,,,
INTU,2019-10-31,57000000,57000000,12000000,284000000,1155000000,1165000000,35000000,2000000,10000000,10000000,881000000,529000000,57000000,22000000,334000000,,,
INTU,2019-07-31,44000000,44000000,16000000,276000000,1147000000,994000000,93000000,3000000,153000000,153000000,718000000,531000000,44000000,137000000,333000000,,,
MS,2019-12-31,8512000000,9237000000,2541000000,4687000000,27577000000,41419000000,2064000000,,13842000000,0,36732000000,22890000000,9042000000,11301000000,,,1148000000,
MS,2018-12-31,8222000000,8887000000,2482000000,4409000000,26388000000,40107000000,2350000000,,13719000000,0,35698000000,21979000000,8748000000,11237000000,,,1160000000,
MS,2017-12-31,5588000000,6235000000,2385000000,3884000000,25157000000,37945000000,4168000000,,12788000000,0,34061000000,21273000000,6111000000,10403000000,,,1075000000,
MS,2016-12-31,5508000000,6122000000,2175000000,3707000000,23608000000,34631000000,2726000000,,11023000000,0,30924000000,19901000000,5979000000,8848000000,,,1127000000,
MS,2020-03-31,1590000000,1780000000,809000000,1303000000,6532000000,9487000000,366000000,,2955000000,0,8184000000,5229000000,1698000000,2146000000,,1368000000,,
MS,2019-12-31,2085000000,2305000000,738000000,1200000000,7386000000,10857000000,428000000,,3471000000,0,9657000000,6186000000,2239000000,2733000000,,1148000000,,
MS,2019-09-30,2060000000,2218000000,660000000,1194000000,6662000000,10032000000,492000000,,3370000000,0,8838000000,5468000000,2173000000,2710000000,,1168000000,,
MS,2019-06-30,2031000000,2246000000,590000000,1168000000,6751000000,10244000000,657000000,,3493000000,0,9076000000,5583000000,2201000000,2903000000,,1121000000,,
LMT,2019-12-31,6230000000,6230000000,457000000,51445000000,52114000000,59812000000,1011000000,653000000,7698000000,7698000000,8367000000,608000000,6230000000,7241000000,,61000000,44000000,
LMT,2018-12-31,5046000000,5046000000,696000000,46392000000,47228000000,53762000000,792000000,668000000,6534000000,6534000000,7370000000,777000000,5046000000,5838000000,,59000000,55000000,
LMT,2017-12-31,1963000000,1890000000,347000000,43589000000,44367000000,49960000000,3356000000,651000000,5593000000,5593000000,6371000000,746000000,1963000000,5246000000,,32000000,74000000,
LMT,2016-12-31,5173000000,3661000000,173000000,41809000000,42363000000,47290000000,1093000000,663000000,4927000000,4927000000,5481000000,471000000,5173000000,4754000000,,83000000,95000000,
LMT,2020-03-29,1717000000,1717000000,122000000,13560000000,13499000000,15651000000,313000000,148000000,2152000000,2152000000,2091000000,60000000,1717000000,2030000000,,41000000,1000000,
LMT,2019-12-31,1498000000,1498000000,117000000,13755000000,13929000000,15878000000,334000000,157000000,1949000000,1949000000,2123000000,152000000,1498000000,1832000000,,44000000,22000000,
LMT,2019-09-29,1608000000,1608000000,116000000,13108000000,13274000000,15171000000,173000000,162000000,1897000000,1897000000,2063000000,153000000,1608000000,1781000000,,44000000,13000000,
LMT,2019-06-30,1420000000,1420000000,158000000,12434000000,12586000000,14427000000,263000000,163000000,1841000000,1841000000,1993000000,152000000,1420000000,1683000000,,46000000,13000000,
GS,2019-12-31,7871000000,8466000000,1240000000,4419000000,23658000000,35481000000,2117000000,,11823000000,0,31062000000,15437000000,8466000000,10583000000,,2098000000,1713000000,
GS,2018-12-31,9841000000,10459000000,844000000,4223000000,22617000000,35942000000,2022000000,,13325000000,0,31719000000,15091000000,10459000000,12481000000,,1975000000,1568000000,
GS,2017-12-31,3661000000,4286000000,188000000,3773000000,20753000000,32073000000,6846000000,,11320000000,0,28300000000,14139000000,4286000000,11132000000,,1689000000,553000000,
GS,2016-12-31,7066000000,7398000000,396000000,3632000000,19908000000,30608000000,2906000000,,10700000000,0,26976000000,13774000000,7398000000,10304000000,,1504000000,506000000,
GS,2020-03-31,1116000000,1213000000,184000000,1296000000,6274000000,7806000000,135000000,,1532000000,0,6510000000,3973000000,1213000000,1348000000,,1122000000,568000000,
GS,2019-12-31,1720000000,1917000000,1090000000,1122000000,6208000000,9619000000,404000000,,3411000000,0,8497000000,3930000000,1917000000,2321000000,,1713000000,692000000,
GS,2019-09-30,1786000000,1877000000,47000000,1136000000,5569000000,8032000000,539000000,,2463000000,0,6896000000,3502000000,1877000000,2416000000,,1663000000,458000000,
GS,2019-06-30,2187000000,2421000000,66000000,1113000000,6054000000,9247000000,706000000,,3193000000,0,8134000000,4039000000,2421000000,3127000000,,1594000000,503000000,
SCHW,2019-12-31,3526000000,3704000000,62000000,253000000,5811000000,10721000000,1144000000,,4910000000,0,10468000000,4948000000,3704000000,4848000000,,261000000,,
SCHW,2018-12-31,3329000000,3507000000,0,242000000,5570000000,10132000000,1055000000,,4562000000,0,9890000000,4709000000,3507000000,4562000000,,313000000,,
SCHW,2017-12-31,2180000000,2354000000,0,231000000,4968000000,8618000000,1296000000,,3650000000,0,8387000000,4200000000,2354000000,3650000000,,268000000,,
SCHW,2016-12-31,1746000000,1889000000,16000000,237000000,4485000000,7462000000,1104000000,,2977000000,0,7225000000,3779000000,1889000000,2993000000,,235000000,,
SCHW,2020-03-31,757000000,795000000,0,75000000,1570000000,2617000000,252000000,,1047000000,0,2542000000,1322000000,795000000,1047000000,,,77000000,
SCHW,2019-12-31,801000000,852000000,62000000,66000000,1432000000,2606000000,260000000,,1174000000,0,2540000000,1201000000,852000000,1112000000,,,71000000,
SCHW,2019-09-30,913000000,951000000,62000000,63000000,1413000000,2711000000,285000000,,1298000000,0,2648000000,1208000000,951000000,1236000000,,,54000000,
SCHW,2019-06-30,887000000,937000000,0,62000000,1445000000,2681000000,299000000,,1236000000,0,2619000000,1225000000,937000000,1236000000,,,74000000,
NOW,2019-12-31,626698000,626698000,25062000,796645000,3418314000,3460437000,559513000,33283000,42123000,42123000,2663792000,1873300000,626698000,67185000,748369000,,,
NOW,2018-12-31,26704000,26704000,3402000,622658000,2651242000,2608816000,12320000,52733000,42426000,42426000,1986158000,1499083000,26704000,39024000,529501000,,,
NOW,2017-12-31,116846000,116846000,49010000,499862000,1982890000,1918494000,3440000,53394000,64396000,64396000,1418632000,1105510000,116846000,113406000,377518000,,,
NOW,2016-12-31,414249000,414249000,299251000,398995000,1502153000,1390985000,3830000,33278000,111168000,111168000,991990000,817919000,414249000,410419000,285239000,,,
NOW,2020-03-31,48231000,48231000,973000,223366000,997005000,1046340000,131000,8570000,49335000,49335000,822974000,546982000,48231000,48362000,226657000,,,
NOW,2019-12-31,598724000,598724000,5674000,211453000,923262000,951774000,564538000,8475000,28512000,28512000,740321000,509481000,598724000,34186000,202328000,,,
NOW,2019-09-30,40598000,40598000,4446000,200793000,829509000,885833000,20172000,8371000,56324000,56324000,685040000,438617000,40598000,60770000,190099000,,,
NOW,2019-06-30,11079000,11079000,10685000,198147000,860904000,833904000,5236000,8269000,27000000,27000000,635757000,479337000,11079000,16315000,183420000,,,
CAT,2019-12-31,6093000000,6094000000,273000000,39338000000,45687000000,53800000000,1746000000,421000000,8113000000,8113000000,14462000000,4796000000,6093000000,7840000000,1693000000,140000000,41000000,
CAT,2018-12-31,6147000000,6148000000,490000000,39819000000,46386000000,54722000000,1698000000,404000000,8336000000,8336000000,14903000000,4806000000,6147000000,7846000000,1850000000,89000000,41000000,
CAT,2017-12-31,754000000,759000000,1478000000,33638000000,39886000000,45462000000,3339000000,531000000,5576000000,5576000000,11824000000,4425000000,754000000,4098000000,1842000000,19000000,69000000,
CAT,2016-12-31,67000000,59000000,1751000000,30402000000,36653000000,38537000000,192000000,503000000,1884000000,1884000000,8135000000,4476000000,67000000,133000000,1853000000,78000000,76000000,
CAT,2020-03-31,1092000000,1093000000,193000000,7990000000,8924000000,10635000000,425000000,113000000,1711000000,1711000000,2645000000,606000000,1092000000,1518000000,356000000,42000000,28000000,
CAT,2019-12-31,1098000000,1097000000,86000000,9784000000,11685000000,13144000000,276000000,112000000,1459000000,1459000000,3360000000,1555000000,1098000000,1373000000,386000000,41000000,40000000,
CAT,2019-09-30,1494000000,1494000000,51000000,9233000000,10695000000,12758000000,518000000,103000000,2063000000,2063000000,3525000000,1064000000,1494000000,2012000000,431000000,41000000,33000000,
CAT,2019-06-30,1620000000,1619000000,111000000,10664000000,12137000000,14432000000,565000000,103000000,2295000000,2295000000,3768000000,1076000000,1620000000,2184000000,441000000,41000000,44000000,
C,2019-12-31,18171000000,19471000000,0,0,42167000000,66068000000,4430000000,,23901000000,0,66068000000,32354000000,19401000000,23901000000,,9813000000,704000000,4000000
C,2018-12-31,16671000000,18088000000,0,0,42055000000,65500000000,5357000000,,23445000000,0,65500000000,32216000000,18045000000,23445000000,,9839000000,854000000,8000000
C,2017-12-31,8048000000,6627000000,331000000,0,42180000000,65272000000,29388000000,,23092000000,0,65272000000,32151000000,6798000000,22761000000,,10029000000,932000000,111000000
C,2016-12-31,13640000000,15033000000,0,0,42571000000,64048000000,6444000000,,21477000000,0,64048000000,31845000000,14912000000,21477000000,,10726000000,1023000000,58000000
C,2020-03-31,2210000000,2534000000,0,0,11171000000,14281000000,576000000,,3110000000,0,14281000000,8270000000,2522000000,3110000000,,651000000,2901000000,18000000
C,2019-12-31,4649000000,4999000000,0,0,10553000000,16255000000,703000000,,5702000000,0,16255000000,7875000000,4979000000,5702000000,,704000000,2678000000,4000000
C,2019-09-30,4632000000,4943000000,0,0,10490000000,16512000000,1079000000,,6022000000,0,16512000000,8070000000,4913000000,6022000000,,697000000,2420000000,15000000
C,2019-06-30,4501000000,4792000000,0,0,10504000000,16669000000,1373000000,,6165000000,0,16669000000,8108000000,4799000000,6165000000,,751000000,2396000000,17000000
ADP,2019-06-30,2292800000,2292800000,74800000,7782200000,11094800000,14175200000,712800000,129900000,3080400000,3080400000,6393000000,3008200000,2292800000,3005600000,,,,
ADP,2018-06-30,1884900000,1884900000,356000000,7536400000,10689100000,13327700000,397700000,102700000,2638600000,2638600000,5791300000,2878200000,1884900000,2282600000,,,,
ADP,2017-06-30,1787800000,1787800000,120200000,7018300000,9875300000,12372000000,829100000,80000000,2496700000,2496700000,5353700000,2630800000,1787800000,2616900000,,,,
ADP,2016-06-30,1492500000,1493400000,4000000,6628700000,9429100000,11667800000,741300000,56200000,2238700000,2238700000,5039100000,2588800000,1492500000,2234700000,,,,
ADP,2020-03-31,820900000,820900000,5400000,2146200000,2965700000,4047800000,255800000,20000000,1082100000,1082100000,1901600000,726600000,820900000,1076700000,,,,
ADP,2019-12-31,651600000,651600000,1400000,2004700000,2835400000,3669500000,183900000,31600000,834100000,834100000,1664800000,741300000,651600000,835500000,,,,
ADP,2019-09-30,582400000,582400000,3400000,1955900000,2753200000,3495700000,156700000,39900000,742500000,742500000,1539800000,708400000,582400000,739100000,,,,
ADP,2019-06-30,475400000,475400000,2000000,1937600000,2867400000,3498700000,157900000,33700000,631300000,631300000,1561100000,846900000,475400000,633300000,,,,
SBUX,2019-09-29,3599200000,3594600000,550500000,19020500000,22592900000,26508600000,871600000,331000000,3915700000,3915700000,7488100000,1824100000,3599200000,4466200000,,371000000,1200000,
SBUX,2018-09-30,4518300000,4518000000,1969900000,17402900000,20909400000,24719500000,1262000000,170300000,3810100000,3810100000,7316600000,1704600000,4518300000,5780000000,,554900000,6300000,
SBUX,2017-10-01,2884700000,2884900000,420700000,15552200000,18490000000,22386800000,1432600000,92500000,3896800000,3896800000,6834600000,1408400000,2884700000,4317500000,,518000000,6900000,
SBUX,2016-10-02,2817700000,2818900000,344900000,14573300000,17462200000,21315900000,1379700000,81300000,3853700000,3853700000,6742600000,1408900000,2817700000,4198600000,,499200000,6700000,
SBUX,2020-03-29,328400000,324800000,28600000,4719100000,5576900000,5995700000,65400000,99200000,418800000,418800000,1276600000,406500000,328400000,390200000,,2800000,95000000,
SBUX,2019-12-29,885700000,885300000,8400000,5057900000,5944900000,7097100000,258500000,91900000,1152200000,1152200000,2039200000,434200000,885700000,1143800000,,800000,101800000,
SBUX,2019-09-29,802800000,802400000,600000,4888200000,5743700000,6747000000,201500000,95700000,1003300000,1003300000,1858800000,404900000,802800000,1003900000,,1200000,105800000,
SBUX,2019-06-30,1372800000,1373200000,593900000,4827100000,5740000000,6823000000,303700000,86400000,1083000000,1083000000,1995900000,480200000,1372800000,1676900000,,1600000,89600000,
PLD,2019-12-31,1566950000,1701846000,584237000,918927000,2338673000,3530799000,74517000,239953000,1192126000,1192126000,2611872000,266718000,1572959000,1776363000,,13149000,3418657000,
PLD,2018-12-31,1643426000,1822960000,741028000,757688000,1957447000,3102709000,63330000,229141000,1145262000,1145262000,2345021000,238985000,1649361000,1886290000,,13560000,3502795000,
PLD,2017-12-31,1641931000,1760959000,795935000,724664000,1847068000,2866701000,54609000,274486000,1019633000,1019633000,2142037000,231059000,1652325000,1815568000,,12205000,3074583000,
PLD,2016-12-31,1203218000,1292540000,472419000,697376000,1864757000,2739442000,54564000,303146000,874685000,874685000,2042066000,222067000,1209932000,1347104000,,14329000,3467059000,
PLD,2020-03-31,489418000,521164000,189531000,274192000,704425000,1066971000,30913000,75642000,362546000,362546000,792779000,69689000,491053000,552077000,,4516428000,14574000,
PLD,2019-12-31,385480000,426242000,161336000,230189000,588477000,874670000,21287000,60080000,286193000,286193000,644481000,65542000,386991000,447529000,,3418657000,3506000,
PLD,2019-09-30,450639000,491013000,109631000,244268000,594015000,988483000,13086000,60244000,394468000,394468000,744215000,65199000,452146000,504099000,,3418367000,2294000,
PLD,2019-06-30,383784000,410826000,171041000,218344000,572511000,838928000,26632000,59122000,266417000,266417000,620584000,66276000,385276000,437458000,,3446625000,3515000,
MDLZ,2019-12-31,3870000000,3885000000,367000000,15531000000,21614000000,25868000000,2000000,595000000,4254000000,4254000000,10337000000,5909000000,3870000000,3887000000,,,76000000,
MDLZ,2018-12-31,3381000000,3395000000,392000000,15586000000,22162000000,25938000000,773000000,452000000,3776000000,3776000000,10352000000,6400000000,3381000000,4168000000,,,76000000,
MDLZ,2017-12-31,2828000000,2842000000,242000000,15862000000,22146000000,25896000000,666000000,396000000,3750000000,3750000000,10034000000,6106000000,2828000000,3508000000,,,80000000,
MDLZ,2016-12-31,1635000000,1645000000,1637000000,15819000000,22527000000,25923000000,114000000,612000000,3396000000,3396000000,10104000000,6532000000,1635000000,1759000000,,,54000000,
MDLZ,2020-03-31,753000000,760000000,1000000,4256000000,5798000000,6707000000,148000000,213000000,909000000,909000000,2451000000,1499000000,753000000,908000000,,78000000,,
MDLZ,2019-12-31,726000000,729000000,180000000,4154000000,5774000000,6913000000,230000000,113000000,1139000000,1139000000,2759000000,1576000000,726000000,959000000,,76000000,,
MDLZ,2019-09-30,1423000000,1428000000,229000000,3839000000,5331000000,6355000000,633000000,232000000,1024000000,1024000000,2516000000,1449000000,1423000000,795000000,,68000000,,
MDLZ,2019-06-30,807000000,808000000,9000000,3593000000,5047000000,6062000000,216000000,127000000,1015000000,1015000000,2469000000,1411000000,807000000,1024000000,,81000000,,
BLK,2019-12-31,4476000000,4526000000,183000000,7133000000,8935000000,14539000000,1261000000,203000000,5604000000,5604000000,7406000000,1705000000,4476000000,5787000000,,,1382000000,
BLK,2018-12-31,4305000000,4302000000,204000000,6993000000,8616000000,14198000000,1076000000,184000000,5582000000,5582000000,7205000000,1573000000,4305000000,5378000000,,,1166000000,
BLK,2017-12-31,4952000000,4989000000,3000000,6811000000,8338000000,13600000000,270000000,205000000,5262000000,5262000000,6789000000,1438000000,4952000000,5259000000,,,466000000,
BLK,2016-12-31,3168000000,3166000000,184000000,6243000000,7622000000,12261000000,1289000000,205000000,4639000000,4639000000,6018000000,1280000000,3168000000,4455000000,,,246000000,
BLK,2020-03-31,806000000,627000000,96000000,1859000000,3001000000,3710000000,14000000,46000000,709000000,709000000,1851000000,1117000000,806000000,613000000,,1497000000,,
BLK,2019-12-31,1301000000,1334000000,61000000,1895000000,2404000000,3977000000,300000000,51000000,1573000000,1573000000,2082000000,480000000,1301000000,1634000000,,1382000000,,
BLK,2019-09-30,1119000000,1119000000,41000000,1777000000,2191000000,3692000000,341000000,54000000,1501000000,1501000000,1915000000,386000000,1119000000,1460000000,,1197000000,,
BLK,2019-06-30,1003000000,1013000000,0,1751000000,2189000000,3524000000,322000000,52000000,1335000000,1335000000,1773000000,413000000,1003000000,1335000000,,767000000,,
AXP,2019-12-31,6631000000,6759000000,162000000,12661000000,31392000000,39983000000,1670000000,,8591000000,0,27322000000,13051000000,6759000000,8429000000,,5680000000,,
AXP,2018-12-31,6787000000,6921000000,42000000,11473000000,28822000000,36986000000,1201000000,,8164000000,0,25513000000,11885000000,6921000000,8122000000,,5464000000,,
AXP,2017-12-31,2646000000,2748000000,78000000,10079000000,26369000000,33872000000,4677000000,,7503000000,0,23793000000,11089000000,2748000000,7425000000,,5201000000,,
AXP,2016-12-31,5252000000,5375000000,804000000,8919000000,25989000000,33227000000,2667000000,,7238000000,0,24308000000,11267000000,5375000000,8042000000,,5803000000,,
AXP,2020-03-31,333000000,367000000,20000000,2848000000,7257000000,7689000000,85000000,,432000000,0,4841000000,3100000000,367000000,452000000,,,1309000000,
AXP,2019-12-31,1661000000,1693000000,214000000,3273000000,8141000000,10341000000,293000000,,2200000000,0,7068000000,3599000000,1693000000,1986000000,,,1269000000,
AXP,2019-09-30,1723000000,1755000000,25000000,3172000000,7869000000,10110000000,511000000,,2241000000,0,6938000000,3317000000,1755000000,2266000000,,,1380000000,
AXP,2019-06-30,1729000000,1761000000,23000000,3215000000,7781000000,9977000000,458000000,,2196000000,0,6762000000,3140000000,1761000000,2219000000,,,1426000000,
DE,2019-11-03,3253000000,3257000000,201000000,30054600000,34923000000,39233000000,852000000,232000000,4310000000,4310000000,9178400000,2999000000,3253000000,4109000000,1782400000,87000000,18000000,
DE,2018-10-28,2368000000,2371000000,61000000,28333000000,33159000000,37318000000,1727000000,268000000,4159000000,4159000000,8985000000,2897000000,2368000000,4098000000,1658000000,271000000,17000000,
DE,2017-10-29,2159000000,2159000000,204000000,22293400000,26145000000,29071000000,971000000,230000000,2926000000,2926000000,6777600000,2493920000,2159000000,3130000000,1356680000,1000000,17200000,
DE,2016-10-30,1523200000,1521500000,132600000,20395100000,24194800000,26549000000,700100000,227200000,2354200000,2354200000,6153900000,2275300000,1523900000,2221600000,1393700000,130700000,24800000,
DE,2020-05-03,666000000,666000000,20000000,7122000000,8330000000,9261000000,245000000,76000000,931000000,931000000,2139000000,698000000,666000000,911000000,406000000,1000000,104000000,
DE,2020-02-02,516000000,518000000,78000000,5898000000,6979000000,7625000000,50000000,61000000,646000000,646000000,1727000000,671000000,516000000,568000000,425000000,18000000,15000000,
DE,2019-11-03,721000000,722000000,148000000,7658600000,8904000000,9878000000,104000000,64000000,974000000,974000000,2219400000,814000000,721000000,826000000,487400000,18000000,56000000,
DE,2019-07-28,899000000,899000000,67000000,7328000000,8848000000,10035000000,221000000,63000000,1187000000,1187000000,2707000000,749000000,899000000,1120000000,431000000,18000000,340000000,
CI,2019-12-31,5104000000,5120000000,2476000000,128487000000,144697000000,153743000000,1450000000,1600000000,9046000000,9046000000,25256000000,13261000000,5104000000,6570000000,,,41000000,
CI,2018-12-31,2637000000,2646000000,1291000000,32321000000,43697000000,48569000000,935000000,280000000,4872000000,4872000000,16248000000,11141000000,2637000000,3581000000,,,44000000,
CI,2017-12-31,2237000000,2232000000,773000000,27719000000,37664000000,42043000000,1374000000,243000000,4379000000,4379000000,14324000000,9830000000,2237000000,3606000000,,,49000000,
CI,2016-12-31,1867000000,1843000000,318000000,26809000000,36710000000,40007000000,1136000000,251000000,3297000000,3297000000,13198000000,9750000000,1867000000,2979000000,,,62000000,
CI,2020-03-31,1181000000,1189000000,711000000,32512000000,36273000000,38381000000,208000000,373000000,2108000000,2108000000,5869000000,3263000000,1181000000,1397000000,,42000000,,
CI,2019-12-31,977000000,984000000,1210000000,31992000000,35867000000,38338000000,277000000,476000000,2471000000,2471000000,6346000000,3140000000,977000000,1261000000,,41000000,,
CI,2019-09-30,1351000000,1354000000,405000000,32286000000,36439000000,38607000000,409000000,405000000,2168000000,2168000000,6321000000,3419000000,1351000000,1763000000,,37000000,,
CI,2019-06-30,1408000000,1410000000,665000000,32539000000,36419000000,38842000000,348000000,429000000,2423000000,2423000000,6303000000,3143000000,1408000000,1758000000,,34000000,,
DUK,2019-12-31,3687000000,3578000000,1608000000,13098000000,18953000000,24658000000,519000000,2204000000,5705000000,5705000000,11560000000,,3748000000,4097000000,,1307000000,1129000000,7000000
DUK,2018-12-31,2661000000,2625000000,2289000000,13399000000,18754000000,24116000000,448000000,2094000000,5362000000,5362000000,10717000000,,2666000000,3073000000,,1281000000,17000000,19000000
DUK,2017-12-31,3053000000,3070000000,1672000000,12486000000,17251000000,23189000000,1196000000,1986000000,5938000000,5938000000,10703000000,,3059000000,4266000000,,1238000000,2000000,6000000
DUK,2016-12-31,2159000000,2578000000,2158000000,12557000000,16489000000,22381000000,1156000000,1916000000,5892000000,5892000000,9824000000,,2152000000,3734000000,,638000000,8000000,408000000
DUK,2020-03-31,911000000,890000000,462000000,2985000000,4460000000,5949000000,137000000,551000000,1489000000,1489000000,2964000000,,938000000,1027000000,,1162000000,345000000,
DUK,2019-12-31,660000000,614000000,412000000,3503000000,4982000000,6103000000,95000000,547000000,1121000000,1121000000,2600000000,,674000000,709000000,,1129000000,295000000,
DUK,2019-09-30,1324000000,1323000000,398000000,3510000000,5031000000,6940000000,188000000,572000000,1909000000,1909000000,3430000000,,1342000000,1511000000,,969000000,335000000,
DUK,2019-06-30,817000000,748000000,410000000,3151000000,4574000000,5873000000,141000000,542000000,1299000000,1299000000,2722000000,,832000000,889000000,,119000000,334000000,
PYPL,2019-12-31,2459000000,2459000000,208000000,9785000000,14982000000,17772000000,539000000,115000000,2790000000,2790000000,7987000000,3112000000,2459000000,2998000000,2085000000,7000000,44000000,
PYPL,2018-12-31,2057000000,2057000000,157000000,8262000000,13232000000,15451000000,319000000,77000000,2219000000,2219000000,7189000000,2855000000,2057000000,2376000000,1831000000,284000000,44000000,
PYPL,2017-12-31,1795000000,1795000000,3000000,6695000000,10897000000,13094000000,405000000,7000000,2197000000,2197000000,6399000000,2370000000,1795000000,2200000000,1740000000,92000000,44000000,
PYPL,2016-12-31,1401000000,1401000000,45000000,5701000000,9256000000,10842000000,230000000,3000000,1586000000,1586000000,5141000000,1997000000,1401000000,1631000000,834000000,92000000,44000000,
PYPL,2020-03-31,84000000,84000000,164000000,2729000000,4191000000,4618000000,179000000,37000000,427000000,427000000,1889000000,857000000,84000000,263000000,605000000,44000000,,
PYPL,2019-12-31,507000000,507000000,55000000,2732000000,4162000000,4961000000,347000000,37000000,799000000,799000000,2229000000,872000000,507000000,854000000,558000000,44000000,,
PYPL,2019-09-30,462000000,462000000,213000000,2431000000,3681000000,4378000000,22000000,29000000,697000000,697000000,1947000000,717000000,462000000,484000000,533000000,44000000,,
PYPL,2019-06-30,823000000,823000000,240000000,2344000000,3602000000,4305000000,120000000,27000000,703000000,703000000,1961000000,775000000,823000000,943000000,483000000,44000000,,
ZTS,2019-12-31,1500000000,1500000000,392000000,1891000000,4067000000,6260000000,301000000,223000000,2193000000,2193000000,4369000000,1564000000,1500000000,1801000000,457000000,,,
ZTS,2018-12-31,1428000000,1424000000,260000000,1876000000,3875000000,5825000000,266000000,206000000,1950000000,1950000000,3949000000,1450000000,1428000000,1690000000,432000000,,,
ZTS,2017-12-31,864000000,862000000,223000000,1761000000,3559000000,5307000000,663000000,175000000,1748000000,1748000000,3546000000,1325000000,864000000,1525000000,382000000,,,
ZTS,2016-12-31,821000000,819000000,236000000,1647000000,3424000000,4888000000,409000000,166000000,1464000000,1464000000,3241000000,1316000000,821000000,1228000000,376000000,,,
ZTS,2020-03-31,423000000,423000000,46000000,457000000,991000000,1534000000,74000000,53000000,543000000,543000000,1077000000,387000000,423000000,497000000,107000000,,,
ZTS,2019-12-31,384000000,384000000,162000000,505000000,1075000000,1674000000,53000000,56000000,599000000,599000000,1169000000,398000000,384000000,437000000,132000000,,,
ZTS,2019-09-30,433000000,433000000,39000000,476000000,1017000000,1584000000,95000000,56000000,567000000,567000000,1108000000,391000000,433000000,528000000,112000000,,,
ZTS,2019-06-30,371000000,371000000,74000000,462000000,1018000000,1547000000,84000000,55000000,529000000,529000000,1085000000,406000000,371000000,455000000,111000000,,,
TMUS,2019-12-31,3468000000,3468000000,1739000000,18521000000,38656000000,44998000000,1135000000,1135000000,6342000000,6342000000,26477000000,13519000000,3468000000,4603000000,,,,
TMUS,2018-12-31,2888000000,2888000000,1441000000,18430000000,37881000000,43239000000,1029000000,1357000000,5358000000,5358000000,24809000000,12965000000,2888000000,3917000000,,,,
TMUS,2017-12-31,4481000000,4536000000,1492000000,17708000000,35951000000,40604000000,1375000000,1671000000,4653000000,4653000000,22896000000,12259000000,4536000000,3161000000,,,,
TMUS,2016-12-31,1405000000,1460000000,1093000000,16550000000,34070000000,37490000000,867000000,1730000000,3420000000,3420000000,20940000000,11378000000,1460000000,2327000000,,,,
TMUS,2020-03-31,951000000,951000000,542000000,4168000000,9314000000,11113000000,306000000,284000000,1799000000,1799000000,6945000000,3428000000,951000000,1257000000,,,,
TMUS,2019-12-31,751000000,751000000,395000000,5212000000,10518000000,11878000000,214000000,280000000,1360000000,1360000000,6666000000,3530000000,751000000,965000000,,,,
TMUS,2019-09-30,870000000,870000000,435000000,4437000000,9431000000,11061000000,325000000,284000000,1630000000,1630000000,6624000000,3339000000,870000000,1195000000,,,,
TMUS,2019-06-30,939000000,939000000,523000000,4310000000,9216000000,10979000000,301000000,283000000,1763000000,1763000000,6669000000,3321000000,939000000,1240000000,,,,
NFLX,2019-12-31,1866916000,1866916000,542023000,12440213000,17552193000,20156447000,195315000,626023000,2604254000,2604254000,7716234000,3566831000,1866916000,2062231000,1545149000,,,
NFLX,2018-12-31,1211242000,1211242000,378768000,9967538000,14189115000,15794341000,15216000,420493000,1605226000,1605226000,5826803000,2999763000,1211242000,1226458000,1221814000,,,
NFLX,2017-12-31,558929000,558929000,353358000,8033000000,10854034000,11692713000,73608000,238204000,838679000,838679000,3659713000,1867324000,558929000,485321000,953710000,,,
NFLX,2016-12-31,186678000,186678000,119286000,6257462000,8450876000,8830669000,73829000,150114000,379793000,379793000,2573207000,1413182000,186678000,260507000,780232000,,,
NFLX,2020-03-31,709067000,709067000,162386000,3599701000,4809435000,5767691000,86803000,184083000,958256000,958256000,2167990000,755917000,709067000,795870000,453817000,,,
NFLX,2019-12-31,586970000,586970000,309179000,3466023000,5008922000,5467434000,437637000,177801000,458512000,458512000,2001411000,1133523000,586970000,149333000,409376000,,,
NFLX,2019-09-30,665244000,665244000,32084000,3097919000,4264666000,5244905000,347079000,160660000,980239000,980239000,2146986000,786971000,665244000,1012323000,379776000,,,
NFLX,2019-06-30,270650000,270650000,205503000,3005657000,4216697000,4923116000,230266000,152033000,706419000,706419000,1917459000,827807000,270650000,500916000,383233000,,,
MMC,2019-12-31,1742000000,1773000000,963000000,9315000000,13250000000,16652000000,666000000,524000000,3402000000,3402000000,7337000000,,1742000000,2439000000,,3935000000,150000000,
MMC,2018-12-31,1650000000,1670000000,732000000,8390000000,11974000000,14950000000,574000000,290000000,2976000000,2976000000,6560000000,,1650000000,2244000000,,3584000000,73000000,
MMC,2017-12-31,1492000000,1510000000,213000000,7884000000,11168000000,14024000000,1133000000,237000000,2856000000,2856000000,6140000000,,1492000000,2643000000,,3284000000,83000000,
MMC,2016-12-31,1768000000,1795000000,184000000,7461000000,10547000000,13211000000,685000000,189000000,2664000000,2664000000,5750000000,,1768000000,2480000000,,3086000000,80000000,
MMC,2020-03-31,754000000,767000000,207000000,2468000000,3437000000,4651000000,240000000,127000000,1214000000,1214000000,2183000000,,754000000,1007000000,,156000000,969000000,
MMC,2019-12-31,391000000,396000000,292000000,2354000000,3441000000,4264000000,135000000,130000000,823000000,823000000,1910000000,,391000000,531000000,,150000000,1087000000,
MMC,2019-09-30,303000000,306000000,126000000,2368000000,3428000000,3968000000,108000000,133000000,540000000,540000000,1600000000,,303000000,414000000,,177000000,1060000000,
MMC,2019-06-30,332000000,344000000,284000000,2467000000,3515000000,4349000000,206000000,141000000,834000000,834000000,1882000000,,332000000,550000000,,272000000,1048000000,
SO,2019-12-31,4739000000,4729000000,925000000,11792000000,15817000000,21419000000,1798000000,1751000000,5602000000,5602000000,9627000000,267000000,4739000000,6527000000,,1254000000,4545000000,
SO,2018-12-31,2226000000,2284000000,1623000000,13831000000,19139000000,23495000000,449000000,1858000000,4356000000,4356000000,9664000000,235000000,2226000000,2733000000,,2412000000,4607000000,
SO,2017-12-31,842000000,888000000,1498000000,13116000000,20503000000,23031000000,142000000,1732000000,2528000000,2528000000,9915000000,235000000,842000000,1030000000,,4612000000,1685000000,
SO,2016-12-31,2448000000,2484000000,1052000000,11366000000,15409000000,19896000000,951000000,1362000000,4487000000,4487000000,8530000000,235000000,2448000000,3435000000,,1541000000,2136000000,
SO,2020-03-31,868000000,837000000,362000000,2607000000,3674000000,5018000000,145000000,460000000,1344000000,1344000000,2411000000,120000000,868000000,982000000,,4482000000,330000000,
SO,2019-12-31,441000000,405000000,395000000,3171000000,4188000000,4914000000,74000000,446000000,726000000,726000000,1743000000,67000000,441000000,331000000,,4545000000,313000000,
SO,2019-09-30,1316000000,1341000000,476000000,2811000000,3811000000,5995000000,367000000,438000000,2184000000,2184000000,3184000000,67000000,1316000000,1708000000,,4569000000,307000000,
SO,2019-06-30,899000000,928000000,359000000,2674000000,3666000000,5098000000,145000000,432000000,1432000000,1432000000,2424000000,66000000,899000000,1073000000,,4524000000,303000000,
GILD,2019-12-31,5386000000,5364000000,73000000,4675000000,17362000000,22449000000,204000000,995000000,5087000000,5087000000,17774000000,4381000000,5386000000,5160000000,8306000000,,125000000,
GILD,2018-12-31,5455000000,5460000000,1221000000,4853000000,13107000000,22127000000,2339000000,1077000000,9020000000,9020000000,17274000000,4056000000,5455000000,7799000000,4198000000,,147000000,
GILD,2017-12-31,4628000000,4644000000,595000000,4371000000,11983000000,26107000000,8885000000,1118000000,14124000000,14124000000,21736000000,3878000000,4628000000,13529000000,3734000000,,59000000,
GILD,2016-12-31,13501000000,13488000000,968000000,4261000000,12325000000,30390000000,3609000000,964000000,18065000000,18065000000,26129000000,3398000000,13501000000,17097000000,4666000000,,476000000,
GILD,2020-03-31,1551000000,1538000000,399000000,969000000,3146000000,5548000000,465000000,241000000,2402000000,2402000000,4579000000,1076000000,1551000000,2003000000,1101000000,112000000,,
GILD,2019-12-31,2696000000,2689000000,8000000,1683000000,3986000000,5879000000,788000000,243000000,1893000000,1893000000,4196000000,1204000000,2696000000,1901000000,1099000000,125000000,,
GILD,2019-09-30,1165000000,1168000000,28000000,1035000000,7077000000,5604000000,333000000,250000000,1473000000,1473000000,4569000000,1052000000,1165000000,1501000000,4990000000,132000000,,
GILD,2019-06-30,1880000000,1875000000,20000000,1000000000,3255000000,5685000000,535000000,248000000,2430000000,2430000000,4685000000,1095000000,1880000000,2410000000,1160000000,135000000,,
MO,2019-12-31,1300000000,1298000000,10044000000,7083000000,8986000000,19796000000,2064000000,1317000000,10810000000,10810000000,12713000000,1903000000,1293000000,766000000,,,135000000,
MO,2018-12-31,6955000000,6967000000,493000000,7451000000,9793000000,19627000000,2374000000,679000000,9834000000,9834000000,12176000000,2342000000,6963000000,9341000000,,,41000000,
MO,2017-12-31,10208000000,10227000000,133000000,7491000000,9533000000,19494000000,399000000,728000000,9961000000,9961000000,12003000000,2042000000,10222000000,9828000000,,,41000000,
MO,2016-12-31,14215000000,14244000000,12553000000,7736000000,10038000000,19337000000,7608000000,743000000,9299000000,9299000000,11601000000,2302000000,14239000000,21852000000,,,41000000,
MO,2020-03-31,1550000000,1550000000,669000000,1781000000,2269000000,5046000000,558000000,287000000,2777000000,2777000000,3265000000,488000000,1552000000,2108000000,,132000000,,
MO,2019-12-31,1811000000,1814000000,3940000000,1715000000,2085000000,4802000000,591000000,403000000,2717000000,2717000000,3087000000,370000000,1809000000,1223000000,,135000000,,
MO,2019-09-30,2601000000,2602000000,5104000000,1914000000,2436000000,5412000000,474000000,303000000,2976000000,2976000000,3498000000,522000000,2600000000,2128000000,,131000000,,
MO,2019-06-30,1994000000,1997000000,201000000,1876000000,2391000000,5193000000,604000000,319000000,2802000000,2802000000,3317000000,515000000,1996000000,2601000000,,40000000,,
BA,2019-12-31,636000000,636000000,157000000,71800000000,78661000000,76559000000,1623000000,722000000,2102000000,2102000000,4759000000,3642000000,636000000,2259000000,3219000000,,317000000,
BA,2018-12-31,10460000000,10460000000,239000000,81490000000,89284000000,101127000000,1144000000,475000000,11843000000,11843000000,19637000000,4525000000,10460000000,11604000000,3269000000,,71000000,
BA,2017-12-31,8458000000,8458000000,6000000,76612000000,83892000000,94005000000,1649000000,360000000,10113000000,10113000000,17393000000,4101000000,8458000000,10107000000,3179000000,,57000000,
BA,2016-12-31,5034000000,5034000000,1205000000,79026000000,86508000000,93496000000,749000000,306000000,6988000000,6988000000,14470000000,4091000000,5034000000,5783000000,3391000000,,60000000,
BA,2020-03-31,628000000,641000000,1106000000,15834000000,17305000000,16908000000,862000000,262000000,397000000,397000000,1074000000,799000000,628000000,1503000000,672000000,305000000,,
BA,2019-12-31,1010000000,1010000000,104000000,18415000000,20149000000,17911000000,1332000000,242000000,2238000000,2238000000,504000000,985000000,1010000000,2342000000,749000000,317000000,,
BA,2019-09-30,1167000000,1167000000,160000000,16930000000,18643000000,19980000000,10000000,203000000,1337000000,1337000000,3050000000,935000000,1167000000,1177000000,778000000,307000000,,
BA,2019-06-30,2942000000,2942000000,62000000,17810000000,19240000000,15751000000,485000000,154000000,3489000000,3489000000,2059000000,604000000,2942000000,3427000000,826000000,379000000,,
AMAT,2019-10-27,2706000000,2706000000,81000000,8222000000,11258000000,14608000000,563000000,237000000,3350000000,3350000000,6386000000,982000000,2706000000,3269000000,2054000000,,,
AMAT,2018-10-28,3038000000,3038000000,37000000,9188000000,12214000000,16705000000,1358000000,234000000,4491000000,4491000000,7517000000,1004000000,3038000000,4396000000,2022000000,,,
AMAT,2017-10-29,3519000000,3519000000,120000000,8086000000,10762000000,14698000000,297000000,198000000,3936000000,3936000000,6612000000,895000000,3519000000,3816000000,1781000000,,,
AMAT,2016-10-30,1721000000,1721000000,137000000,6316000000,8675000000,10825000000,292000000,155000000,2150000000,2150000000,4509000000,819000000,1721000000,2013000000,1540000000,,,
AMAT,2020-04-26,755000000,755000000,83000000,2200000000,2996000000,3957000000,123000000,61000000,961000000,961000000,1757000000,246000000,755000000,878000000,550000000,,,
AMAT,2020-01-26,892000000,892000000,50000000,2304000000,3107000000,4162000000,113000000,59000000,1055000000,1055000000,1858000000,251000000,892000000,1005000000,552000000,,,
AMAT,2019-10-27,698000000,698000000,24000000,2120000000,2890000000,3754000000,142000000,59000000,864000000,864000000,1634000000,255000000,698000000,840000000,515000000,,,
AMAT,2019-07-28,571000000,571000000,18000000,2005000000,2760000000,3562000000,211000000,58000000,802000000,802000000,1557000000,240000000,571000000,782000000,515000000,,,
ADI,2019-11-02,1359782000,1363011000,320736000,1977315000,4184601000,5991065000,122717000,229075000,1806464000,1806464000,4013750000,647897000,1363011000,1485728000,1130348000,,,
ADI,2018-11-03,1501071000,1506980000,304536000,1974293000,4264839000,6224689000,148334000,253589000,1959850000,1959850000,4250396000,696597000,1506980000,1655314000,1165047000,,,
ADI,2017-10-28,803136000,805379000,682330000,1719395000,3629277000,5246354000,129368000,250840000,1617077000,1617077000,3526959000,644398000,805379000,934747000,968133000,,,
ADI,2016-10-29,861664000,861664000,84875000,1194236000,2379613000,3421409000,95257000,88757000,1041796000,1041796000,2227173000,461438000,861664000,956921000,653816000,,,
ADI,2020-05-02,267696000,267696000,50279000,470386000,971720000,1317060000,27365000,49985000,345340000,345340000,846674000,141775000,267696000,295061000,252413000,,,
ADI,2020-02-01,203874000,203874000,58347000,455423000,1019001000,1303565000,22343000,48813000,284564000,284564000,848142000,199280000,203874000,226217000,257073000,,,
ADI,2019-11-02,277215000,277694000,115519000,501028000,1039873000,1443219000,10133000,50775000,403346000,403346000,942191000,154602000,277694000,287827000,277018000,,,
ADI,2019-08-03,361562000,362374000,58095000,482332000,1032490000,1480143000,27184000,59871000,447653000,447653000,997811000,162825000,362374000,389558000,280102000,,,
CME,2019-12-31,2116500000,2115800000,33500000,0,2201700000,4857800000,573800000,178000000,2656100000,2656100000,4857800000,1525000000,2116500000,2689600000,,203400000,30400000,
CME,2018-12-31,1962200000,1963700000,34300000,0,1628200000,4309400000,814100000,157700000,2681200000,2681200000,4309400000,1126100000,1962200000,2777800000,,253400000,46800000,
CME,2017-12-31,4063400000,4063400000,225100000,0,1343500000,3644700000,1537100000,117000000,2301200000,2301200000,3644700000,929400000,4063400000,2526300000,,205600000,46800000,
CME,2016-12-31,1534100000,1534100000,37700000,0,1372400000,3595200000,753500000,123500000,2222800000,2222800000,3595200000,971100000,1534100000,2287600000,,176000000,46800000,
CME,2020-03-31,766200000,766800000,29400000,0,558600000,1518500000,222500000,40900000,959900000,959900000,1518500000,385900000,766200000,989300000,,31000000,60100000,
CME,2019-12-31,469500000,469000000,17200000,0,494200000,1135500000,155100000,42000000,641300000,641300000,1135500000,381200000,469500000,624100000,,30400000,3100000,
CME,2019-09-30,636300000,636300000,38000000,0,590100000,1275300000,86900000,42800000,685200000,685200000,1275300000,381900000,636300000,723200000,,30100000,87000000,
CME,2019-06-30,513800000,514600000,3500000,0,572400000,1271000000,187500000,45100000,698600000,698600000,1271000000,382800000,513800000,702100000,,29700000,67200000,
CCI,2019-12-31,747000000,860000000,710000000,1986000000,4172000000,5763000000,21000000,683000000,1591000000,1591000000,3777000000,614000000,860000000,881000000,,,,
CCI,2018-12-31,509000000,622000000,795000000,1844000000,3934000000,5370000000,19000000,642000000,1436000000,1436000000,3526000000,563000000,622000000,641000000,,,,
CCI,2017-12-31,308000000,366000000,653000000,1543000000,3210000000,4255000000,26000000,591000000,1045000000,1045000000,2712000000,426000000,366000000,392000000,,,,
CCI,2016-12-31,324000000,357000000,626000000,1441000000,2921000000,3921000000,17000000,515000000,1000000000,1000000000,2480000000,371000000,357000000,374000000,,,,
CCI,2020-03-31,157000000,185000000,183000000,474000000,1048000000,1421000000,5000000,175000000,373000000,373000000,947000000,175000000,185000000,190000000,,,,
CCI,2019-12-31,103000000,131000000,174000000,481000000,1034000000,1345000000,6000000,173000000,311000000,311000000,864000000,157000000,131000000,137000000,,,,
CCI,2019-09-30,244000000,272000000,182000000,516000000,1055000000,1514000000,5000000,173000000,459000000,459000000,998000000,150000000,272000000,277000000,,,,
CCI,2019-06-30,218000000,246000000,177000000,503000000,1051000000,1478000000,4000000,169000000,427000000,427000000,975000000,155000000,246000000,250000000,,,,
ISRG,2019-12-31,1379300000,1381800000,126900000,1368300000,3103200000,4478500000,120400000,,1375300000,1375300000,3110200000,1177600000,1379300000,1502200000,557300000,,20900000,
ISRG,2018-12-31,1127900000,1125000000,34900000,1120100000,2479600000,3724200000,154500000,,1244600000,1244600000,2604100000,941400000,1127900000,1279500000,418100000,,8700000,
ISRG,2017-12-31,670900000,670900000,41900000,936200000,2075300000,3138200000,433900000,,1062900000,1062900000,2202000000,810500000,670900000,1104800000,328600000,,1600000,
ISRG,2016-12-31,738300000,738300000,23500000,813600000,1744700000,2706500000,247000000,,961800000,961800000,1892900000,691500000,738300000,985300000,239600000,,1600000,
ISRG,2020-03-31,313500000,316200000,25100000,361300000,816500000,1099500000,8100000,,283000000,283000000,738200000,308100000,313500000,308100000,147100000,23800000,,
ISRG,2019-12-31,357700000,362700000,33500000,381700000,879500000,1277700000,69000000,,398200000,398200000,896000000,341200000,357700000,431700000,156600000,20900000,,
ISRG,2019-09-30,396800000,398700000,33100000,342600000,762300000,1128200000,300000,,365900000,365900000,785600000,283800000,396800000,399000000,135900000,15700000,,
ISRG,2019-06-30,318300000,316400000,32800000,339900000,739900000,1098900000,75400000,,359000000,359000000,759000000,279200000,318300000,391800000,120800000,14300000,,
VRTX,2019-12-31,1176810000,1176810000,192894000,2302298000,2960796000,4162821000,218109000,58502000,1202025000,1202025000,1860523000,658498000,1176810000,1394919000,,,,
VRTX,2018-12-31,2096395000,2087103000,63725000,1826015000,2383631000,3047597000,1486862000,72471000,663966000,663966000,1221582000,557616000,2096896000,600241000,,,,
VRTX,2017-12-31,263191000,91635000,408518000,1599744000,2095823000,2488652000,107324000,69298000,392829000,392829000,888908000,496079000,263484000,15689000,,,,
VRTX,2016-12-31,112052000,84031000,78564000,1258150000,1690979000,1702177000,16665000,81432000,11198000,11198000,444027000,432829000,112052000,67366000,,,,
VRTX,2020-03-31,602753000,602753000,67173000,608347000,790400000,1515107000,54781000,14136000,724707000,724707000,906760000,182053000,602753000,657534000,,,,
VRTX,2019-12-31,583234000,583234000,123985000,665023000,860300000,1413265000,93716000,14249000,552965000,552965000,748242000,195277000,583234000,676950000,,,,
VRTX,2019-09-30,57518000,57518000,31626000,687862000,847536000,949828000,13148000,14548000,102292000,102292000,261966000,159674000,57518000,70666000,,,,
VRTX,2019-06-30,267427000,267427000,57178000,514831000,671333000,941293000,59711000,14837000,269960000,269960000,426462000,156502000,267427000,327138000,,,,
MMM,2019-12-31,4570000000,4582000000,1424000000,16736000000,25000000000,32136000000,1130000000,448000000,7136000000,7136000000,15400000000,6390000000,4570000000,5712000000,1874000000,,63000000,
MMM,2018-12-31,5349000000,5363000000,767000000,16655000000,24998000000,32765000000,1637000000,350000000,7767000000,7767000000,16110000000,6527000000,5349000000,7000000000,1816000000,,52000000,
MMM,2017-12-31,4858000000,4869000000,215000000,15969000000,24324000000,31657000000,2679000000,322000000,7333000000,7333000000,15688000000,6493000000,4858000000,7548000000,1862000000,,59000000,
MMM,2016-12-31,5050000000,5058000000,59000000,15118000000,22997000000,30109000000,1995000000,199000000,7112000000,7112000000,14991000000,6115000000,5050000000,7053000000,1764000000,,45000000,
MMM,2020-03-31,1292000000,1294000000,111000000,4109000000,6397000000,8075000000,273000000,123000000,1678000000,1678000000,3966000000,1751000000,1292000000,1567000000,537000000,62000000,,
MMM,2019-12-31,969000000,970000000,420000000,4166000000,6479000000,8111000000,242000000,124000000,1632000000,1632000000,3945000000,1824000000,969000000,1212000000,489000000,63000000,,
MMM,2019-09-30,1583000000,1588000000,22000000,4188000000,6048000000,7991000000,378000000,109000000,1943000000,1943000000,3803000000,1417000000,1583000000,1966000000,443000000,62000000,,
MMM,2019-06-30,1127000000,1131000000,402000000,4295000000,6323000000,8171000000,315000000,111000000,1848000000,1848000000,3876000000,1563000000,1127000000,1446000000,465000000,59000000,,
NOC,2019-12-31,2248000000,2248000000,421000000,26582000000,30872000000,33841000000,300000000,528000000,2969000000,2969000000,7259000000,4290000000,2248000000,2548000000,,,,
NOC,2018-12-31,3229000000,3229000000,461000000,23275000000,25892000000,30095000000,513000000,562000000,4203000000,4203000000,6820000000,2617000000,3229000000,3742000000,,,,
NOC,2017-12-31,2869000000,2869000000,224000000,20074000000,21551000000,26004000000,1360000000,360000000,4453000000,4453000000,5930000000,1477000000,2869000000,4229000000,,,,
NOC,2016-12-31,2043000000,2043000000,257000000,18797000000,21768000000,24706000000,638000000,301000000,2938000000,2938000000,5909000000,2971000000,2043000000,2681000000,,,,
NOC,2020-03-31,868000000,868000000,183000000,6898000000,7384000000,8620000000,185000000,125000000,1236000000,1236000000,1722000000,486000000,868000000,1053000000,,,,
NOC,2019-12-31,409000000,409000000,105000000,6615000000,9185000000,8721000000,160000000,130000000,464000000,464000000,2106000000,2570000000,409000000,569000000,,,,
NOC,2019-09-30,933000000,933000000,96000000,6748000000,7324000000,8475000000,122000000,123000000,1151000000,1151000000,1727000000,576000000,933000000,1055000000,,,,
NOC,2019-06-30,861000000,861000000,118000000,6726000000,7310000000,8456000000,167000000,137000000,1146000000,1146000000,1730000000,584000000,861000000,1028000000,,,,